3608 5528
886 505 1095 570 ..40-

468 701 539 766 Jam
556 703 593 763 ut
607 699 646 764 ad
663 696 889 763 statuariorum
905 693 1160 777 scriptorumque
1176 693 1285 759 titulos
1300 698 1504 772 revertamur,
1523 708 1603 773 quaa

382 813 553 880 constituta
575 809 722 876 ridentur
743 807 880 874 breviter
902 811 1095 888 repetamus:

469 927 497 987 1.
522 924 557 988 In
580 921 685 988 multis
709 918 861 986 artificum
887 917 987 984 titulis
1009 921 1115 1000 potres
1138 917 1280 1000 inscripti
1302 915 1388 982 haud
1411 915 1504 982 dubie
1530 915 1603 982 arti·

383 1037 456 1104 tices
486 1040 574 1115 sunt,
605 1033 688 1116 quod
719 1031 901 1114 saepissime
930 1029 1031 1096 solum
1062 1047 1099 1094 ex
1129 1028 1198 1096 aliis
1225 1021 1606 1112 inscriptionibus,‘qune

385 1167 458 1216 casu
481 1146 610 1213 fortuito
633 1149 777 1224 repertae
800 1148 883 1218 sunt,
906 1139 1104 1206 manifestum
1129 1145 1190 1216 est3
1213 1140 1318 1221 itaque
1333 1140 1418 1225 quod
1432 1138 1605 1221 permultos

384 1267 490 1344 patres
515 1258 680 1338 inscriptos
703 1251 839 1320 artifices
862 1251 959 1319 fuisse
981 1271 1063 1318 nunc
1090 1253 1216 1335 quidem
1243 1251 1371 1334 probari
1400 1270 1462 1318 non
1491 1255 1606 1332 potest,

385 1371 513 1438 minoris
536 1373 584 1434 est
605 1367 768 1442 momente
796 1365 981 1449 praesertim
1004 1382 1074 1432 cum
1096 1364 1181 1430 haud
1203 1383 1323 1447 paucae
1346 1383 1384 1430 ex
1405 1363 1467 1429 iilis
1497 1363 1607 1428 inscri-

386 1483 544 1569 ptionibus
568 1479 712 1546 interiore
736 1484 840 1544 aetate
863 1479 999 1560 scriptae
1022 1477 1094 1559 sint,
1117 1495 1210 1560 quam
1229 1478 1318 1562 cujus
1333 1473 1468 1544 artifices
1483 1479 1608 1542 veteres

387 1595 556 1678 scriptores
578 1595 838 1658 memoraverunt.

475 1702 702 1785 ascriptores
732 1707 853 1768 veteres
883 1721 936 1768 eos
966 1705 1088 1767 tanturn
1117 1699 1272 1768 artificum
1299 1705 1406 1786 patres
1436 1703 1608 1770 memoriae

388 1818 564 1904 prodidisse
591 1815 750 1894 videntur,
779 1815 831 1898 qui
861 1813 996 1880 artifices
1023 1819 1056 1881 et
1080 1812 1141 1898 ipsi
1169 1812 1308 1890 fuerant;
1336 1834 1400 1899 qua
1427 1816 1459 1882 in
1487 1815 1610 1882 rationo

390 1931 515 1999 omnino
543 1928 814 2010 inscriptionibus,
843 1933 998 2009 quatenus
1026 1944 1213 2010 cognoscere
1239 1925 1330 2010 licet,
1360 1929 1527 1996 concinunt
1555 1929 1609 2013 (ci.

390 2061 420 2127 p.
437 2043 479 2109 30
501 2061 546 2126 sq.
572 2043 599 2106 1.
624 2041 653 2104 2.
678 2041 727 2105 18.
751 2061 780 2123 p.
798 2041 837 2104 36
861 2057 927 2123 sqq.
952 2039 1044 2123 nott.)

353 2147 356 2156 ⁴
476 2154 505 2220 3.
529 2153 647 2220 Eadem
672 2152 702 2217 vi
725 2159 774 2218 est
795 2153 894 2236 patris
917 2169 1028 2218 nomen
1052 2152 1235 2236 inscriptum
1258 2153 1289 2218 in
1318 2150 1417 2220 titolis
1445 2150 1610 2235 artificum,

391 2267 444 2351 qui
466 2283 604 2349 gemmas
627 2264 822 2345 scalpserunt
844 2269 876 2329 et
897 2281 973 2328 vasa
994 2262 1102 2330 fictilia
1123 2263 1331 2332 coniecerunt.

477 2379 564 2458 Quae
587 2396 657 2444 cum
679 2376 724 2442 ita
746 2377 824 2458 sint,
847 2375 938 2442 nimis
961 2375 1063 2441 audax
1087 2375 1220 2442 tortasse
1242 2395 1304 2442 non
1327 2376 1498 2452 videbitur,
1526 2378 1611 2459 quod

392 2492 583 2575 conjicimus,
606 2490 810 2572 praecipue
833 2507 896 2556 eos
918 2489 1133 2555 statuarios
1155 2489 1612 2572 scriptoresquenomina

392 2610 548 2690 patrum
572 2602 762 2683 operibus
785 2601 1064 2684 inscripsisse,
1093 2602 1160 2685 qui
1183 2608 1306 2670 artem
1327 2607 1571 2686 acceperant
1592 2623 1614 2669 a

393 2715 655 2802 genitoribus.

415 2827 422 2840 '
480 2833 522 2894 At
536 2827 723 2894 Praxitelem
740 2826 942 2912 Cephisodoti
957 2827 1156 2894 Atheniensis
1178 2827 1275 2896 filium
1298 2829 1394 2897 inisse
1410 2847 1511 2896 nonne
1527 2831 1612 2895 recte

395 2942 521 3027 quidam
542 2940 732 3006 voluerunt?
755 2941 818 3005 sed
832 2943 954 3022 patrem
971 2959 1031 3006 non
1048 2941 1221 3024 inscripsit3
1246 2941 1314 3026 (30)
1330 2961 1369 3006 ne
1384 2940 1615 3026 Cephisodotus

395 3051 519 3136 quidem
548 3056 581 3118 et
608 3050 790 3117 Timarchus
814 3051 882 3136 (35)
912 3051 944 3116 in
972 3051 1072 3118 titulis
1100 3054 1200 3136 patris
1228 3053 1394 3120 Praxitelis
1423 3054 1612 3122 mentionem

393 3163 544 3232 iecerunt.
589 3165 686 3230 Recte
708 3183 831 3230 mones:
860 3164 983 3247 etjam
1011 3164 1113 3231 elucet
1140 3183 1210 3231 cnm
1238 3184 1299 3232 non
1331 3183 1438 3234 omnes
1467 3163 1614 3242 artifices

396 3277 510 3361 quibus
533 3281 639 3360 patres
662 3282 761 3342 artem
784 3277 995 3354 tradiderant,
1025 3296 1133 3344 eorum
1156 3279 1281 3344 nomina
1309 3277 1455 3361 operibus
1484 3278 1615 3362 inscrip-

396 3390 490 3470 sisse,
523 3395 589 3456 turn
617 3388 786 3473 praecipue
815 3406 952 3455 summos
981 3387 1114 3457 artifices
1142 3391 1180 3456 iis
1209 3411 1269 3457 non
1300 3409 1369 3457 esse
1398 3409 1487 3472 usos;
1520 3391 1617 3460 immo

397 3519 470 3568 vero
492 3501 525 3566 hi
546 3505 671 3585 patrum
694 3500 883 3568 mentionem
905 3502 954 3568 rel
977 3501 1086 3585 ingere
1109 3503 1268 3584 videntur,
1294 3521 1363 3569 curn
1386 3502 1616 3586 Cephisodotus

398 3621 431 3682 et
451 3614 634 3684 Timarchus
657 3629 696 3678 ne
718 3613 750 3677 in
773 3612 908 3679 dedicati
936 3615 1061 3698 quidem
1091 3616 1193 3698 operis
1222 3615 1422 3698 inscriptione
1449 3635 1484 3681 se
1506 3614 1613 3680 Praxi·

398 3727 470 3793 telis
491 3725 572 3792 filios
595 3744 663 3792 esse
685 3725 818 3809 professi
841 3727 912 3792 sint.
958 3727 1007 3792 ita
1029 3727 1113 3811 quod
1135 3727 1236 3810 primo
1259 3725 1372 3794 obtutu
1394 3727 1434 3792 ad
1459 3727 1615 3795 artificum

398 3845 523 3923 gentem
551 3839 747 3906 indicandam
777 3840 934 3924 pertinere
965 3838 1105 3920 videtur,
1139 3839 1275 3923 pertinet
1305 3839 1345 3904 ad
1374 3846 1491 3920 artem,
1523 3858 1617 3924 quam

397 3961 514 4034 patres,
537 3952 590 4034 qui
612 3953 743 4034 spectati
765 3950 901 4019 artifices
923 3953 1058 4028 inerant,
1084 3952 1134 4018 vel
1156 3959 1256 4019 morte
1277 3952 1401 4036 abrepti
1423 3953 1514 4034 qussi
1534 3970 1617 4019 com-

399 4063 612 4146 mendamnt¹‚
635 4064 788 4146 imprimis
810 4065 906 4147 igitur
928 4063 1098 4132 mediocres
1119 4063 1254 4131 artifices
1268 4067 1394 4148 patrum
1409 4065 1535 4132 nomina
1549 4066 1616 4132 suis

400 4175 557 4242 addidisse
579 4177 739 4252 videntum
768 4195 862 4258 quam
885 4177 924 4242 ob
947 4195 1013 4243 rem
1036 4176 1182 4244 interiore
1210 4181 1314 4244 aetate
1340 4182 1465 4260 patrum
1492 4177 1619 4248 nominc

399 4415 516 4454 rasorum
533 4401 640 4453 Nearchi
658 4411 682 4453 et
702 4401 818 4464 Tiesonis
841 4404 930 4455 merito
954 4404 1051 4456 moneri
1075 4413 1173 4472 potam
1197 4411 1309 4456 attamen
1332 4404 1443 4473 exempli
1467 4405 1505 4458 vic
1530 4403 1618 4462 adem

399 4497 495 4540 manet:
516 4505 574 4540 nam
593 4489 649 4540 vide
667 4505 732 4557 quae
744 4490 871 4543 Brnnnius
889 4493 923 4558 (Π
943 4511 969 4559 p.
982 4492 1040 4552 (253,
1060 4493 1121 4558 681)
1139 4492 1171 4544 de
1187 4509 1301 4544 ranorum
1314 4490 1519 4560 inuoipctonibus
1530 4501 1617 4560 porte·

402 4575 468 4627 tiore
485 4583 598 4644 tempora
616 4577 729 4644 repetitis
747 4577 889 4640 ednotaviu
908 4578 998 4630 litteris
1016 4587 1098 4632 sutem
1117 4579 1207 4632 iisdem
1226 4581 1264 4635 nsi
1277 4587 1336 4632 runt
1347 4578 1477 4632 Nearchus
1489 4587 1514 4638 at
1526 4577 1619 4636 'l'leoon

401 4661 536 4728 fraterque,
554 4662 621 4729 quod
640 4663 712 4715 nobis
730 4663 771 4714 hic
788 4664 848 4714 satis
867 4673 913 4716 est.

470 4746 532 4799 ¹0¹⁴.
550 4747 618 4815 qnod
635 4766 681 4802 noa
699 4749 805 4802 dicimus
824 4750 895 4816 „aine
913 4751 1020 4805 ΜΗ
