<?xml version="1.0" encoding="UTF-8"?>
<!DOCTYPE html PUBLIC "-//W3C//DTD XHTML 1.0 Transitional//EN"
    "http://www.w3.org/TR/xhtml1/DTD/xhtml1-transitional.dtd">
<html xmlns="http://www.w3.org/1999/xhtml" xml:lang="en" lang="en">
 <head>
  <title>
</title>
<meta http-equiv="Content-Type" content="text/html;charset=utf-8" />
  <meta name='ocr-system' content='tesseract 3.04.00' />
  <meta name='ocr-capabilities' content='ocr_page ocr_carea ocr_par ocr_line ocrx_word'/>
</head>
<body>
  <div class='ocr_page' id='page_1' title='image "./titulistatuario01hirsgoog_0039.png"; bbox 0 0 3608 5528; ppageno 0'>
   <div class='ocr_carea' id='block_1_1' title="bbox 882 547 1093 612">
    <p class='ocr_par' dir='ltr' id='par_1_1' title="bbox 882 547 1093 612">
     <span class='ocr_line' id='line_1_1' title="bbox 882 547 1093 612; baseline -0.009 -14"><span class='ocrx_word' id='word_1_1' title='bbox 882 547 1093 612; x_wconf 78' lang='lat'>...26-</span> 
     </span>
    </p>
   </div>
   <div class='ocr_carea' id='block_1_2' title="bbox 374 735 1601 3850">
    <p class='ocr_par' dir='ltr' id='par_1_2' title="bbox 377 735 1600 934">
     <span class='ocr_line' id='line_1_2' title="bbox 377 735 1600 822; baseline -0.002 -17"><span class='ocrx_word' id='word_1_2' title='bbox 377 756 475 822; x_wconf 88' lang='lat' dir='ltr'><strong>quare</strong></span> <span class='ocrx_word' id='word_1_3' title='bbox 498 739 607 806; x_wconf 86' lang='lat' dir='ltr'><strong>titulos</strong></span> <span class='ocrx_word' id='word_1_4' title='bbox 629 740 686 806; x_wconf 88' lang='lat'><strong>151</strong></span> <span class='ocrx_word' id='word_1_5' title='bbox 711 744 744 806; x_wconf 88' lang='lat' dir='ltr'><strong>et</strong></span> <span class='ocrx_word' id='word_1_6' title='bbox 760 739 831 820; x_wconf 77' lang='lat'><strong>157,</strong></span> <span class='ocrx_word' id='word_1_7' title='bbox 854 755 1043 822; x_wconf 85' lang='lat' dir='ltr'><strong>quamquam</strong></span> <span class='ocrx_word' id='word_1_8' title='bbox 1065 741 1151 805; x_wconf 89' lang='lat' dir='ltr'><strong>certo</strong></span> <span class='ocrx_word' id='word_1_9' title='bbox 1173 736 1323 819; x_wconf 87' lang='lat' dir='ltr'><strong>temporis</strong></span> <span class='ocrx_word' id='word_1_10' title='bbox 1346 735 1460 804; x_wconf 88' lang='lat' dir='ltr'><strong>indicio</strong></span> <span class='ocrx_word' id='word_1_11' title='bbox 1484 742 1600 816; x_wconf 81' lang='lat' dir='ltr'>carent,</span> 
     </span>
     <span class='ocr_line' id='line_1_3' title="bbox 377 847 1498 934; baseline -0.004 -18"><span class='ocrx_word' id='word_1_12' title='bbox 377 855 485 918; x_wconf 89' lang='lat' dir='ltr'><strong>nostro</strong></span> <span class='ocrx_word' id='word_1_13' title='bbox 505 850 577 934; x_wconf 90' lang='lat' dir='ltr'><strong>jure</strong></span> <span class='ocrx_word' id='word_1_14' title='bbox 598 851 639 918; x_wconf 87' lang='lat' dir='ltr'><strong>sd</strong></span> <span class='ocrx_word' id='word_1_15' title='bbox 662 850 866 918; x_wconf 79' lang='lat' dir='ltr'><strong>recentiorem</strong></span> <span class='ocrx_word' id='word_1_16' title='bbox 888 852 1025 916; x_wconf 87' lang='lat' dir='ltr'><strong>aetatem</strong></span> <span class='ocrx_word' id='word_1_17' title='bbox 1047 867 1212 918; x_wconf 79' lang='lat' dir='ltr'><strong>revocasse</strong></span> <span class='ocrx_word' id='word_1_18' title='bbox 1234 847 1325 915; x_wconf 91' lang='lat' dir='ltr'><strong>nobis</strong></span> <span class='ocrx_word' id='word_1_19' title='bbox 1346 847 1498 914; x_wconf 85' lang='lat' dir='ltr'><strong>videmur.</strong></span> 
     </span>
    </p>

    <p class='ocr_par' dir='ltr' id='par_1_3' title="bbox 378 957 1601 1270">
     <span class='ocr_line' id='line_1_4' title="bbox 464 957 1601 1046; baseline -0.003 -19"><span class='ocrx_word' id='word_1_20' title='bbox 464 962 566 1028; x_wconf 90' lang='lat' dir='ltr'><strong>Multo</strong></span> <span class='ocrx_word' id='word_1_21' title='bbox 587 962 713 1044; x_wconf 81' lang='lat' dir='ltr'><strong>saepius</strong></span> <span class='ocrx_word' id='word_1_22' title='bbox 734 960 925 1046; x_wconf 76' lang='lat' dir='ltr'><strong>imperfectis</strong></span> <span class='ocrx_word' id='word_1_23' title='bbox 948 961 997 1028; x_wconf 91' lang='lat' dir='ltr'><strong>usi</strong></span> <span class='ocrx_word' id='word_1_24' title='bbox 1020 967 1096 1028; x_wconf 89' lang='lat' dir='ltr'><strong>sunt</strong></span> <span class='ocrx_word' id='word_1_25' title='bbox 1116 960 1269 1042; x_wconf 86' lang='lat' dir='ltr'><strong>artifices,</strong></span> <span class='ocrx_word' id='word_1_26' title='bbox 1296 977 1431 1041; x_wconf 85' lang='lat' dir='ltr'><strong>quorum</strong></span> <span class='ocrx_word' id='word_1_27' title='bbox 1456 957 1542 1025; x_wconf 94' lang='lat' dir='ltr'><strong>tituli</strong></span> <span class='ocrx_word' id='word_1_28' title='bbox 1568 958 1601 1024; x_wconf 93' lang='lat' dir='ltr'><strong>in</strong></span> 
     </span>
     <span class='ocr_line' id='line_1_5' title="bbox 379 1069 1601 1157; baseline -0.003 -17"><span class='ocrx_word' id='word_1_29' title='bbox 379 1072 471 1140; x_wconf 83' lang='lat' dir='ltr'><strong>ltalia</strong></span> <span class='ocrx_word' id='word_1_30' title='bbox 491 1073 610 1156; x_wconf 88' lang='lat' dir='ltr'><strong>reperti</strong></span> <span class='ocrx_word' id='word_1_31' title='bbox 632 1077 749 1154; x_wconf 86' lang='lat' dir='ltr'><strong>entant,</strong></span> <span class='ocrx_word' id='word_1_32' title='bbox 772 1073 856 1157; x_wconf 87' lang='lat' dir='ltr'><strong>quod</strong></span> <span class='ocrx_word' id='word_1_33' title='bbox 878 1089 940 1155; x_wconf 88' lang='lat' dir='ltr'><strong>quo</strong></span> <span class='ocrx_word' id='word_1_34' title='bbox 962 1073 1121 1154; x_wconf 81' lang='lat' dir='ltr'><strong>pertineat</strong></span> <span class='ocrx_word' id='word_1_35' title='bbox 1142 1079 1179 1140; x_wconf 94' lang='lat' dir='ltr'><strong>ut</strong></span> <span class='ocrx_word' id='word_1_36' title='bbox 1200 1071 1315 1140; x_wconf 86' lang='lat' dir='ltr'><strong>clarius</strong></span> <span class='ocrx_word' id='word_1_37' title='bbox 1337 1070 1394 1138; x_wconf 85' lang='lat' dir='ltr'><strong>fiat</strong></span> <span class='ocrx_word' id='word_1_38' title='bbox 1415 1071 1521 1154; x_wconf 90' lang='lat' dir='ltr'><strong>aspice</strong></span> <span class='ocrx_word' id='word_1_39' title='bbox 1542 1069 1601 1136; x_wconf 86' lang='lat' dir='ltr'><strong>has</strong></span> 
     </span>
     <span class='ocr_line' id='line_1_6' title="bbox 378 1183 1517 1270; baseline -0.004 -19"><span class='ocrx_word' id='word_1_40' title='bbox 378 1183 533 1253; x_wconf 86' lang='lat' dir='ltr'><strong>artificum</strong></span> <span class='ocrx_word' id='word_1_41' title='bbox 555 1185 773 1270; x_wconf 84' lang='lat' dir='ltr'><strong>inscriptiones</strong></span> <span class='ocrx_word' id='word_1_42' title='bbox 794 1185 922 1253; x_wconf 85' lang='lat' dir='ltr'><strong>aurietis</strong></span> <span class='ocrx_word' id='word_1_43' title='bbox 945 1185 1092 1270; x_wconf 80' lang='lat' dir='ltr'><strong>insignes,</strong></span> <span class='ocrx_word' id='word_1_44' title='bbox 1114 1203 1196 1270; x_wconf 84' lang='lat' dir='ltr'><strong>quac</strong></span> <span class='ocrx_word' id='word_1_45' title='bbox 1218 1185 1328 1254; x_wconf 85' lang='lat' dir='ltr'><strong>ltaliae</strong></span> <span class='ocrx_word' id='word_1_46' title='bbox 1349 1184 1517 1252; x_wconf 86' lang='lat' dir='ltr'><strong>debentur:</strong></span> 
     </span>
    </p>

    <p class='ocr_par' dir='ltr' id='par_1_4' title="bbox 483 1294 1184 1386">
     <span class='ocr_line' id='line_1_7' title="bbox 483 1294 1184 1386; baseline 0 -24"><span class='ocrx_word' id='word_1_47' title='bbox 483 1298 534 1362; x_wconf 88' lang='lat'><strong>96.</strong></span> <span class='ocrx_word' id='word_1_48' title='bbox 557 1295 734 1386; x_wconf 78' lang='grc' dir='ltr'><em>Κλεομένης</em></span> <span class='ocrx_word' id='word_1_49' title='bbox 754 1295 993 1384; x_wconf 77' lang='grc' dir='ltr'><em>Ἀπολλοδώρου</em></span> <span class='ocrx_word' id='word_1_50' title='bbox 1015 1294 1184 1385; x_wconf 64' lang='grc' dir='ltr'><em>Ἀθηναῖος</em></span> 
     </span>
    </p>

    <p class='ocr_par' dir='ltr' id='par_1_5' title="bbox 413 1405 1133 1611">
     <span class='ocr_line' id='line_1_8' title="bbox 484 1405 1133 1497; baseline 0 -25"><span class='ocrx_word' id='word_1_51' title='bbox 484 1410 534 1472; x_wconf 83' lang='grc'><strong>97.</strong></span> <span class='ocrx_word' id='word_1_52' title='bbox 558 1407 735 1497; x_wconf 73' lang='grc' dir='ltr'><em>Κλεομένης</em></span> <span class='ocrx_word' id='word_1_53' title='bbox 755 1407 948 1493; x_wconf 82' lang='grc' dir='ltr'><em>Κλεομένους</em></span> <span class='ocrx_word' id='word_1_54' title='bbox 968 1405 1133 1497; x_wconf 68' lang='grc' dir='ltr'><em>Ἀθηναῖος</em></span> 
     </span>
     <span class='ocr_line' id='line_1_9' title="bbox 413 1518 1094 1611; baseline -0.001 -26"><span class='ocrx_word' id='word_1_55' title='bbox 413 1544 415 1548; x_wconf 77' lang='grc'><strong>’</strong></span> <span class='ocrx_word' id='word_1_56' title='bbox 485 1522 536 1587; x_wconf 91' lang='grc'><strong>98.</strong></span> <span class='ocrx_word' id='word_1_57' title='bbox 559 1519 762 1592; x_wconf 83' lang='grc' dir='ltr'><em>Ἀπολλώνιος</em></span> <span class='ocrx_word' id='word_1_58' title='bbox 783 1519 905 1611; x_wconf 78' lang='grc' dir='ltr'><em>Ἀρχίου</em></span> <span class='ocrx_word' id='word_1_59' title='bbox 927 1518 1094 1610; x_wconf 70' lang='grc' dir='ltr'><em>Ἀθηναῖος</em></span> 
     </span>
    </p>

    <p class='ocr_par' dir='ltr' id='par_1_6' title="bbox 465 1630 941 1722">
     <span class='ocr_line' id='line_1_10' title="bbox 465 1630 941 1722; baseline -0.002 -25"><span class='ocrx_word' id='word_1_60' title='bbox 465 1633 535 1711; x_wconf 84' lang='grc'><strong>105,</strong></span> <span class='ocrx_word' id='word_1_61' title='bbox 557 1651 585 1698; x_wconf 83' lang='lat' dir='ltr'><strong>u.</strong></span> <span class='ocrx_word' id='word_1_62' title='bbox 609 1631 754 1698; x_wconf 81' lang='grc' dir='ltr'><em>Σαλπίων</em></span> <span class='ocrx_word' id='word_1_63' title='bbox 775 1630 941 1722; x_wconf 71' lang='grc' dir='ltr'><em>Ἀθηναῖος</em></span> 
     </span>
    </p>

    <p class='ocr_par' dir='ltr' id='par_1_7' title="bbox 466 1743 1204 1835">
     <span class='ocr_line' id='line_1_11' title="bbox 466 1743 1204 1835; baseline 0.003 -27"><span class='ocrx_word' id='word_1_64' title='bbox 466 1744 536 1822; x_wconf 85' lang='grc'>136,</span> <span class='ocrx_word' id='word_1_65' title='bbox 559 1764 587 1812; x_wconf 82' lang='lat' dir='ltr'><strong>a.</strong></span> <span class='ocrx_word' id='word_1_66' title='bbox 611 1743 835 1834; x_wconf 74' lang='grc' dir='ltr'><em>Ἀθανόδονμος</em></span> <span class='ocrx_word' id='word_1_67' title='bbox 856 1745 1071 1835; x_wconf 74' lang='grc' dir='ltr'><em>Ἀμησάνὸρου</em></span> <span class='ocrx_word' id='word_1_68' title='bbox 1088 1743 1204 1819; x_wconf 79' lang='grc' dir='ltr'><em>Ῥόδιος</em></span> 
     </span>
    </p>

    <p class='ocr_par' dir='ltr' id='par_1_8' title="bbox 464 1857 979 1947">
     <span class='ocr_line' id='line_1_12' title="bbox 464 1857 979 1947; baseline 0.006 -27"><span class='ocrx_word' id='word_1_69' title='bbox 464 1857 534 1922; x_wconf 82' lang='grc'><strong>137.</strong></span> <span class='ocrx_word' id='word_1_70' title='bbox 559 1906 690 1924; x_wconf 91' lang='grc'><strong>......</strong></span> <span class='ocrx_word' id='word_1_71' title='bbox 707 1882 744 1929; x_wconf 93' lang='grc' dir='ltr'><strong>ος</strong></span> <span class='ocrx_word' id='word_1_72' title='bbox 763 1857 979 1947; x_wconf 72' lang='grc' dir='ltr'><em>Ἀγησάνδρου</em></span> 
     </span>
    </p>

    <p class='ocr_par' dir='ltr' id='par_1_9' title="bbox 464 1969 1281 2060">
     <span class='ocr_line' id='line_1_13' title="bbox 464 1969 1281 2060; baseline 0.006 -28"><span class='ocrx_word' id='word_1_73' title='bbox 464 1969 534 2036; x_wconf 83' lang='grc'><strong>145.</strong></span> <span class='ocrx_word' id='word_1_74' title='bbox 557 1969 724 2060; x_wconf 80' lang='grc' dir='ltr'><em>Ἀρχέλαος</em></span> <span class='ocrx_word' id='word_1_75' title='bbox 744 1969 950 2035; x_wconf 82' lang='grc' dir='ltr'><em>Ἀπολλωνίου</em></span> <span class='ocrx_word' id='word_1_76' title='bbox 973 1969 1098 2059; x_wconf 81' lang='grc' dir='ltr'><em>ἐποίησε</em></span> <span class='ocrx_word' id='word_1_77' title='bbox 1119 1970 1281 2060; x_wconf 71' lang='grc' dir='ltr'><em>Πριηνεύς.</em></span> 
     </span>
    </p>

    <p class='ocr_par' dir='ltr' id='par_1_10' title="bbox 377 2082 1601 2392">
     <span class='ocr_line' id='line_1_14' title="bbox 462 2082 1601 2168; baseline 0.003 -20"><span class='ocrx_word' id='word_1_78' title='bbox 462 2082 564 2166; x_wconf 87' lang='lat' dir='ltr'><strong>Magis</strong></span> <span class='ocrx_word' id='word_1_79' title='bbox 585 2086 691 2149; x_wconf 87' lang='lat' dir='ltr'><strong>cutem</strong></span> <span class='ocrx_word' id='word_1_80' title='bbox 713 2083 831 2151; x_wconf 79' lang='lat' dir='ltr'><strong>usitata</strong></span> <span class='ocrx_word' id='word_1_81' title='bbox 852 2083 885 2150; x_wconf 93' lang='lat' dir='ltr'><strong>in</strong></span> <span class='ocrx_word' id='word_1_82' title='bbox 907 2083 999 2150; x_wconf 85' lang='lat' dir='ltr'><strong>ltalia</strong></span> <span class='ocrx_word' id='word_1_83' title='bbox 1020 2083 1203 2166; x_wconf 86' lang='lat' dir='ltr'><strong>imperfecta</strong></span> <span class='ocrx_word' id='word_1_84' title='bbox 1224 2083 1331 2167; x_wconf 91' lang='lat' dir='ltr'><strong>fuisse,</strong></span> <span class='ocrx_word' id='word_1_85' title='bbox 1353 2103 1391 2152; x_wconf 85' lang='lat' dir='ltr'><strong>ex</strong></span> <span class='ocrx_word' id='word_1_86' title='bbox 1414 2104 1452 2152; x_wconf 90' lang='lat' dir='ltr'><strong>eo</strong></span> <span class='ocrx_word' id='word_1_87' title='bbox 1473 2102 1601 2168; x_wconf 87' lang='lat' dir='ltr'><strong>quoque</strong></span> 
     </span>
     <span class='ocr_line' id='line_1_15' title="bbox 377 2193 1601 2280; baseline 0.002 -19"><span class='ocrx_word' id='word_1_88' title='bbox 377 2194 489 2279; x_wconf 91' lang='lat' dir='ltr'><strong>conjici</strong></span> <span class='ocrx_word' id='word_1_89' title='bbox 508 2198 627 2278; x_wconf 88' lang='lat' dir='ltr'><strong>potest,</strong></span> <span class='ocrx_word' id='word_1_90' title='bbox 657 2195 740 2276; x_wconf 87' lang='lat' dir='ltr'><strong>quod</strong></span> <span class='ocrx_word' id='word_1_91' title='bbox 762 2213 895 2280; x_wconf 85' lang='lat' dir='ltr'><strong>quorum</strong></span> <span class='ocrx_word' id='word_1_92' title='bbox 917 2193 1073 2262; x_wconf 87' lang='lat' dir='ltr'><strong>artificum</strong></span> <span class='ocrx_word' id='word_1_93' title='bbox 1104 2213 1200 2278; x_wconf 87' lang='lat' dir='ltr'><strong>opera</strong></span> <span class='ocrx_word' id='word_1_94' title='bbox 1227 2196 1272 2263; x_wconf 93' lang='lat' dir='ltr'><strong>ibi</strong></span> <span class='ocrx_word' id='word_1_95' title='bbox 1301 2197 1480 2264; x_wconf 92' lang='lat' dir='ltr'><strong>nominibus</strong></span> <span class='ocrx_word' id='word_1_96' title='bbox 1508 2215 1601 2264; x_wconf 87' lang='lat' dir='ltr'><strong>orna-</strong></span> 
     </span>
     <span class='ocr_line' id='line_1_16' title="bbox 377 2304 1308 2392; baseline 0 -20"><span class='ocrx_word' id='word_1_97' title='bbox 377 2311 498 2388; x_wconf 86' lang='lat' dir='ltr'><strong>verunt,</strong></span> <span class='ocrx_word' id='word_1_98' title='bbox 519 2305 709 2388; x_wconf 87' lang='lat' dir='ltr'><strong>imperfectis</strong></span> <span class='ocrx_word' id='word_1_99' title='bbox 730 2306 957 2392; x_wconf 89' lang='lat' dir='ltr'><strong>inscripserunt</strong></span> <span class='ocrx_word' id='word_1_100' title='bbox 979 2304 1060 2392; x_wconf 83' lang='lat' dir='ltr'><strong>(syll.</strong></span> <span class='ocrx_word' id='word_1_101' title='bbox 1083 2326 1113 2373; x_wconf 93' lang='lat' dir='ltr'><strong>n.</strong></span> <span class='ocrx_word' id='word_1_102' title='bbox 1132 2307 1192 2372; x_wconf 77' lang='lat'><strong>175</strong></span> <span class='ocrx_word' id='word_1_103' title='bbox 1216 2309 1308 2392; x_wconf 74' lang='lat' dir='ltr'><strong>squ).</strong></span> 
     </span>
    </p>

    <p class='ocr_par' dir='ltr' id='par_1_11' title="bbox 374 2415 1601 3734">
     <span class='ocr_line' id='line_1_17' title="bbox 463 2415 1601 2504; baseline 0.001 -19"><span class='ocrx_word' id='word_1_104' title='bbox 463 2417 525 2486; x_wconf 88' lang='lat' dir='ltr'><strong>Sed</strong></span> <span class='ocrx_word' id='word_1_105' title='bbox 548 2415 599 2485; x_wconf 92' lang='lat' dir='ltr'><strong>hic</strong></span> <span class='ocrx_word' id='word_1_106' title='bbox 620 2436 707 2499; x_wconf 90' lang='lat' dir='ltr'><strong>usus,</strong></span> <span class='ocrx_word' id='word_1_107' title='bbox 729 2418 807 2504; x_wconf 88' lang='lat' dir='ltr'><strong>quid</strong></span> <span class='ocrx_word' id='word_1_108' title='bbox 828 2419 889 2485; x_wconf 93' lang='lat' dir='ltr'><strong>sibi</strong></span> <span class='ocrx_word' id='word_1_109' title='bbox 910 2418 986 2486; x_wconf 85' lang='lat' dir='ltr'><strong>velit</strong></span> <span class='ocrx_word' id='word_1_110' title='bbox 1008 2419 1201 2503; x_wconf 81' lang='lat' dir='ltr'><strong>quaerimns3</strong></span> <span class='ocrx_word' id='word_1_111' title='bbox 1225 2421 1354 2487; x_wconf 84' lang='lat' dir='ltr'><strong>veniunt</strong></span> <span class='ocrx_word' id='word_1_112' title='bbox 1376 2437 1453 2486; x_wconf 90' lang='lat' dir='ltr'><strong>sane</strong></span> <span class='ocrx_word' id='word_1_113' title='bbox 1468 2419 1499 2486; x_wconf 93' lang='lat' dir='ltr'><strong>in</strong></span> <span class='ocrx_word' id='word_1_114' title='bbox 1514 2438 1601 2487; x_wconf 88' lang='lat' dir='ltr'><strong>men-</strong></span> 
     </span>
     <span class='ocr_line' id='line_1_18' title="bbox 376 2530 1601 2617; baseline -0.002 -17"><span class='ocrx_word' id='word_1_115' title='bbox 376 2537 440 2600; x_wconf 84' lang='lat' dir='ltr'><strong>tam</strong></span> <span class='ocrx_word' id='word_1_116' title='bbox 461 2530 546 2598; x_wconf 87' lang='lat' dir='ltr'><strong>haud</strong></span> <span class='ocrx_word' id='word_1_117' title='bbox 567 2550 687 2615; x_wconf 83' lang='lat' dir='ltr'><strong>paucae</strong></span> <span class='ocrx_word' id='word_1_118' title='bbox 708 2533 920 2616; x_wconf 89' lang='lat' dir='ltr'><strong>conjecturae,</strong></span> <span class='ocrx_word' id='word_1_119' title='bbox 948 2551 1030 2617; x_wconf 86' lang='lat' dir='ltr'><strong>quac</strong></span> <span class='ocrx_word' id='word_1_120' title='bbox 1051 2532 1092 2598; x_wconf 88' lang='lat' dir='ltr'><strong>ud</strong></span> <span class='ocrx_word' id='word_1_121' title='bbox 1115 2531 1281 2600; x_wconf 88' lang='lat' dir='ltr'><strong>discrimen</strong></span> <span class='ocrx_word' id='word_1_122' title='bbox 1310 2533 1484 2616; x_wconf 89' lang='lat' dir='ltr'><strong>pertinent,</strong></span> <span class='ocrx_word' id='word_1_123' title='bbox 1514 2533 1601 2616; x_wconf 89' lang='lat' dir='ltr'><strong>quod</strong></span> 
     </span>
     <span class='ocr_line' id='line_1_19' title="bbox 377 2642 1600 2728; baseline 0 -18"><span class='ocrx_word' id='word_1_124' title='bbox 377 2649 426 2710; x_wconf 90' lang='lat' dir='ltr'><strong>est</strong></span> <span class='ocrx_word' id='word_1_125' title='bbox 446 2643 528 2709; x_wconf 91' lang='lat' dir='ltr'><strong>inter</strong></span> <span class='ocrx_word' id='word_1_126' title='bbox 551 2642 740 2726; x_wconf 85' lang='lat' dir='ltr'><strong>exemplaria</strong></span> <span class='ocrx_word' id='word_1_127' title='bbox 762 2648 794 2711; x_wconf 90' lang='lat' dir='ltr'><strong>et</strong></span> <span class='ocrx_word' id='word_1_128' title='bbox 815 2644 995 2728; x_wconf 89' lang='lat' dir='ltr'><strong>archetypa,</strong></span> <span class='ocrx_word' id='word_1_129' title='bbox 1018 2644 1100 2712; x_wconf 90' lang='lat' dir='ltr'><strong>inter</strong></span> <span class='ocrx_word' id='word_1_130' title='bbox 1122 2663 1219 2728; x_wconf 87' lang='lat' dir='ltr'><strong>opera</strong></span> <span class='ocrx_word' id='word_1_131' title='bbox 1240 2662 1416 2712; x_wconf 88' lang='lat' dir='ltr'><strong>marmorea</strong></span> <span class='ocrx_word' id='word_1_132' title='bbox 1437 2650 1471 2712; x_wconf 93' lang='lat' dir='ltr'><strong>et</strong></span> <span class='ocrx_word' id='word_1_133' title='bbox 1485 2663 1600 2720; x_wconf 74' lang='lat' dir='ltr'><strong>aenea,</strong></span> 
     </span>
     <span class='ocr_line' id='line_1_20' title="bbox 375 2754 1601 2841; baseline 0.001 -20"><span class='ocrx_word' id='word_1_134' title='bbox 375 2759 515 2822; x_wconf 84' lang='lat' dir='ltr'><strong>attamen</strong></span> <span class='ocrx_word' id='word_1_135' title='bbox 537 2754 657 2823; x_wconf 90' lang='lat' dir='ltr'><strong>idoneis</strong></span> <span class='ocrx_word' id='word_1_136' title='bbox 677 2755 782 2822; x_wconf 88' lang='lat' dir='ltr'><strong>causis</strong></span> <span class='ocrx_word' id='word_1_137' title='bbox 803 2760 919 2823; x_wconf 89' lang='lat' dir='ltr'><strong>curent.</strong></span> <span class='ocrx_word' id='word_1_138' title='bbox 964 2755 1197 2823; x_wconf 87' lang='lat' dir='ltr'><strong>Meminerimus</strong></span> <span class='ocrx_word' id='word_1_139' title='bbox 1218 2761 1341 2833; x_wconf 88' lang='lat' dir='ltr'><strong>autem,</strong></span> <span class='ocrx_word' id='word_1_140' title='bbox 1369 2756 1542 2841; x_wconf 86' lang='lat' dir='ltr'><strong>scalptores</strong></span> <span class='ocrx_word' id='word_1_141' title='bbox 1566 2761 1601 2822; x_wconf 91' lang='lat' dir='ltr'><strong>et</strong></span> 
     </span>
     <span class='ocr_line' id='line_1_21' title="bbox 376 2867 1598 2952; baseline 0 -18"><span class='ocrx_word' id='word_1_142' title='bbox 376 2885 569 2950; x_wconf 87' lang='lat' dir='ltr'><strong>gemmarum</strong></span> <span class='ocrx_word' id='word_1_143' title='bbox 592 2871 626 2934; x_wconf 89' lang='lat' dir='ltr'><strong>et</strong></span> <span class='ocrx_word' id='word_1_144' title='bbox 645 2885 843 2934; x_wconf 93' lang='lat' dir='ltr'><strong>nummorum</strong></span> <span class='ocrx_word' id='word_1_145' title='bbox 865 2885 990 2952; x_wconf 89' lang='lat' dir='ltr'><strong>semper</strong></span> <span class='ocrx_word' id='word_1_146' title='bbox 1012 2885 1085 2935; x_wconf 90' lang='lat' dir='ltr'><strong>usos</strong></span> <span class='ocrx_word' id='word_1_147' title='bbox 1108 2885 1177 2936; x_wconf 87' lang='lat' dir='ltr'><strong>esse</strong></span> <span class='ocrx_word' id='word_1_148' title='bbox 1198 2867 1397 2952; x_wconf 89' lang='lat' dir='ltr'><strong>imperfectis,</strong></span> <span class='ocrx_word' id='word_1_149' title='bbox 1419 2869 1505 2935; x_wconf 91' lang='lat' dir='ltr'><strong>haud</strong></span> <span class='ocrx_word' id='word_1_150' title='bbox 1524 2886 1598 2935; x_wconf 87' lang='lat' dir='ltr'><strong>raro</strong></span> 
     </span>
     <span class='ocr_line' id='line_1_22' title="bbox 376 2977 1599 3064; baseline -0.001 -17"><span class='ocrx_word' id='word_1_151' title='bbox 376 2978 470 3047; x_wconf 90' lang='lat' dir='ltr'><strong>etiam</strong></span> <span class='ocrx_word' id='word_1_152' title='bbox 492 2997 638 3047; x_wconf 83' lang='lat' dir='ltr'><strong>rasorum</strong></span> <span class='ocrx_word' id='word_1_153' title='bbox 660 2977 801 3047; x_wconf 90' lang='lat' dir='ltr'><strong>fictilium</strong></span> <span class='ocrx_word' id='word_1_154' title='bbox 822 2979 959 3063; x_wconf 87' lang='lat' dir='ltr'><strong>pictores</strong></span> <span class='ocrx_word' id='word_1_155' title='bbox 980 2984 1013 3046; x_wconf 89' lang='lat' dir='ltr'><strong>et</strong></span> <span class='ocrx_word' id='word_1_156' title='bbox 1034 2978 1236 3062; x_wconf 89' lang='lat' dir='ltr'><strong>confectores,</strong></span> <span class='ocrx_word' id='word_1_157' title='bbox 1259 2997 1386 3064; x_wconf 84' lang='lat' dir='ltr'><strong>eosque,</strong></span> <span class='ocrx_word' id='word_1_158' title='bbox 1408 2980 1463 3063; x_wconf 86' lang='lat' dir='ltr'><strong>qui</strong></span> <span class='ocrx_word' id='word_1_159' title='bbox 1478 2982 1535 3045; x_wconf 90' lang='lat' dir='ltr'><strong>aut</strong></span> <span class='ocrx_word' id='word_1_160' title='bbox 1548 2998 1599 3046; x_wconf 78' lang='lat' dir='ltr'><strong>re-</strong></span> 
     </span>
     <span class='ocr_line' id='line_1_23' title="bbox 376 3089 1599 3175; baseline -0.001 -17"><span class='ocrx_word' id='word_1_161' title='bbox 376 3103 480 3160; x_wconf 88' lang='lat' dir='ltr'><strong>motae</strong></span> <span class='ocrx_word' id='word_1_162' title='bbox 501 3091 697 3173; x_wconf 80' lang='lat' dir='ltr'><strong>antiquitatis</strong></span> <span class='ocrx_word' id='word_1_163' title='bbox 719 3092 855 3175; x_wconf 88' lang='lat' dir='ltr'><strong>speciem</strong></span> <span class='ocrx_word' id='word_1_164' title='bbox 876 3089 1104 3160; x_wconf 81' lang='lat' dir='ltr'><strong>affectaverunt</strong></span> <span class='ocrx_word' id='word_1_165' title='bbox 1124 3097 1180 3158; x_wconf 91' lang='lat' dir='ltr'><strong>ant</strong></span> <span class='ocrx_word' id='word_1_166' title='bbox 1197 3090 1353 3160; x_wconf 88' lang='lat' dir='ltr'><strong>inferioris</strong></span> <span class='ocrx_word' id='word_1_167' title='bbox 1367 3092 1480 3159; x_wconf 86' lang='lat' dir='ltr'><strong>aetatis</strong></span> <span class='ocrx_word' id='word_1_168' title='bbox 1495 3095 1599 3159; x_wconf 87' lang='lat' dir='ltr'><strong>artem</strong></span> 
     </span>
     <span class='ocr_line' id='line_1_24' title="bbox 376 3202 1596 3288; baseline -0.002 -17"><span class='ocrx_word' id='word_1_169' title='bbox 376 3209 485 3288; x_wconf 86' lang='lat' dir='ltr'><strong>aperte</strong></span> <span class='ocrx_word' id='word_1_170' title='bbox 507 3203 606 3272; x_wconf 86' lang='lat' dir='ltr'><strong>secuti</strong></span> <span class='ocrx_word' id='word_1_171' title='bbox 627 3203 729 3270; x_wconf 75' lang='lat' dir='ltr'><strong>sunu.</strong></span> <span class='ocrx_word' id='word_1_172' title='bbox 779 3203 867 3283; x_wconf 80' lang='lat' dir='ltr'><strong>Quae</strong></span> <span class='ocrx_word' id='word_1_173' title='bbox 894 3221 964 3270; x_wconf 89' lang='lat' dir='ltr'><strong>curn</strong></span> <span class='ocrx_word' id='word_1_174' title='bbox 992 3203 1038 3270; x_wconf 91' lang='lat' dir='ltr'><strong>itu</strong></span> <span class='ocrx_word' id='word_1_175' title='bbox 1068 3205 1131 3271; x_wconf 90' lang='lat' dir='ltr'><strong>sint</strong></span> <span class='ocrx_word' id='word_1_176' title='bbox 1157 3202 1291 3272; x_wconf 88' lang='lat' dir='ltr'><strong>fortasse</strong></span> <span class='ocrx_word' id='word_1_177' title='bbox 1317 3223 1380 3271; x_wconf 89' lang='lat' dir='ltr'><strong>non</strong></span> <span class='ocrx_word' id='word_1_178' title='bbox 1410 3203 1596 3288; x_wconf 68' lang='lat' dir='ltr'><strong>displicebit</strong></span> 
     </span>
     <span class='ocr_line' id='line_1_25' title="bbox 376 3313 1599 3401; baseline -0.002 -19"><span class='ocrx_word' id='word_1_179' title='bbox 376 3317 466 3397; x_wconf 86' lang='lat' dir='ltr'><strong>qnod·</strong></span> <span class='ocrx_word' id='word_1_180' title='bbox 482 3317 678 3401; x_wconf 89' lang='lat' dir='ltr'><strong>suspicamur</strong></span> <span class='ocrx_word' id='word_1_181' title='bbox 699 3315 795 3382; x_wconf 88' lang='lat' dir='ltr'><strong>etiam</strong></span> <span class='ocrx_word' id='word_1_182' title='bbox 816 3315 850 3381; x_wconf 93' lang='lat' dir='ltr'><strong>in</strong></span> <span class='ocrx_word' id='word_1_183' title='bbox 877 3315 1101 3383; x_wconf 83' lang='lat' dir='ltr'><strong>statuariomnr</strong></span> <span class='ocrx_word' id='word_1_184' title='bbox 1129 3313 1383 3400; x_wconf 75' lang='lat' dir='ltr'><strong>scriptorumque</strong></span> <span class='ocrx_word' id='word_1_185' title='bbox 1410 3315 1512 3383; x_wconf 85' lang='lat' dir='ltr'><strong>titulis</strong></span> <span class='ocrx_word' id='word_1_186' title='bbox 1541 3315 1599 3381; x_wconf 94' lang='lat' dir='ltr'><strong>im-</strong></span> 
     </span>
     <span class='ocr_line' id='line_1_26' title="bbox 376 3426 1600 3514; baseline -0.003 -18"><span class='ocrx_word' id='word_1_187' title='bbox 376 3427 508 3511; x_wconf 86' lang='lat' dir='ltr'><strong>perfecti</strong></span> <span class='ocrx_word' id='word_1_188' title='bbox 530 3445 627 3505; x_wconf 31' lang='lat' dir='ltr'><strong>usum·</strong></span> <span class='ocrx_word' id='word_1_189' title='bbox 645 3445 715 3494; x_wconf 88' lang='lat' dir='ltr'><strong>esse</strong></span> <span class='ocrx_word' id='word_1_190' title='bbox 736 3426 954 3514; x_wconf 82' lang='lat' dir='ltr'><strong>archaismum,</strong></span> <span class='ocrx_word' id='word_1_191' title='bbox 976 3433 1013 3494; x_wconf 89' lang='lat' dir='ltr'><strong>ut</strong></span> <span class='ocrx_word' id='word_1_192' title='bbox 1032 3427 1092 3494; x_wconf 91' lang='lat' dir='ltr'><strong>boc</strong></span> <span class='ocrx_word' id='word_1_193' title='bbox 1114 3427 1209 3495; x_wconf 84' lang='lat' dir='ltr'><strong>verbo</strong></span> <span class='ocrx_word' id='word_1_194' title='bbox 1232 3433 1319 3505; x_wconf 89' lang='lat' dir='ltr'><strong>utur;</strong></span> <span class='ocrx_word' id='word_1_195' title='bbox 1341 3428 1395 3511; x_wconf 93' lang='lat' dir='ltr'><strong>qui</strong></span> <span class='ocrx_word' id='word_1_196' title='bbox 1417 3433 1512 3510; x_wconf 85' lang='lat' dir='ltr'><strong>quam</strong></span> <span class='ocrx_word' id='word_1_197' title='bbox 1533 3427 1600 3493; x_wconf 90' lang='lat' dir='ltr'><strong>late</strong></span> 
     </span>
     <span class='ocr_line' id='line_1_27' title="bbox 374 3539 1599 3623; baseline 0 -17"><span class='ocrx_word' id='word_1_198' title='bbox 374 3539 574 3623; x_wconf 81' lang='lat' dir='ltr'><strong>potueritne</strong></span> <span class='ocrx_word' id='word_1_199' title='bbox 595 3539 732 3623; x_wconf 88' lang='lat' dir='ltr'><strong>mireris,</strong></span> <span class='ocrx_word' id='word_1_200' title='bbox 760 3557 889 3608; x_wconf 90' lang='lat' dir='ltr'><strong>monere</strong></span> <span class='ocrx_word' id='word_1_201' title='bbox 910 3540 1018 3621; x_wconf 75' lang='lat' dir='ltr'><strong>licem,</strong></span> <span class='ocrx_word' id='word_1_202' title='bbox 1048 3557 1129 3623; x_wconf 88' lang='lat' dir='ltr'><strong>quae</strong></span> <span class='ocrx_word' id='word_1_203' title='bbox 1158 3539 1198 3607; x_wconf 91' lang='lat' dir='ltr'><strong>de</strong></span> <span class='ocrx_word' id='word_1_204' title='bbox 1225 3539 1341 3608; x_wconf 89' lang='lat' dir='ltr'><strong>ethnici</strong></span> <span class='ocrx_word' id='word_1_205' title='bbox 1367 3539 1436 3608; x_wconf 90' lang='lat' dir='ltr'><strong>loco</strong></span> <span class='ocrx_word' id='word_1_206' title='bbox 1464 3540 1599 3608; x_wconf 77' lang='lat' dir='ltr'><strong>&#39;adnote-</strong></span> 
     </span>
     <span class='ocr_line' id='line_1_28' title="bbox 375 3651 602 3734; baseline -0.018 -14"><span class='ocrx_word' id='word_1_207' title='bbox 375 3651 476 3720; x_wconf 87' lang='lat' dir='ltr'><strong>vimus</strong></span> <span class='ocrx_word' id='word_1_208' title='bbox 497 3670 528 3734; x_wconf 91' lang='lat' dir='ltr'><strong>p.</strong></span> <span class='ocrx_word' id='word_1_209' title='bbox 552 3651 602 3716; x_wconf 81' lang='lat'><strong>20.</strong></span> 
     </span>
    </p>

    <p class='ocr_par' dir='ltr' id='par_1_12' title="bbox 459 3757 1600 3850">
     <span class='ocr_line' id='line_1_29' title="bbox 459 3757 1600 3850; baseline 0.004 -21"><span class='ocrx_word' id='word_1_210' title='bbox 459 3762 551 3831; x_wconf 87' lang='lat' dir='ltr'><strong>Nunc</strong></span> <span class='ocrx_word' id='word_1_211' title='bbox 572 3767 679 3832; x_wconf 86' lang='lat' dir='ltr'><strong>autem</strong></span> <span class='ocrx_word' id='word_1_212' title='bbox 697 3763 823 3850; x_wconf 86' lang='lat' dir='ltr'><strong>jurabit</strong></span> <span class='ocrx_word' id='word_1_213' title='bbox 843 3763 936 3832; x_wconf 90' lang='lat' dir='ltr'><strong>Plinii</strong></span> <span class='ocrx_word' id='word_1_214' title='bbox 958 3769 1023 3832; x_wconf 89' lang='lat' dir='ltr'><strong>nat.</strong></span> <span class='ocrx_word' id='word_1_215' title='bbox 1046 3763 1119 3831; x_wconf 88' lang='lat' dir='ltr'><strong>hist</strong></span> <span class='ocrx_word' id='word_1_216' title='bbox 1142 3763 1346 3848; x_wconf 83' lang='lat' dir='ltr'><strong>praelationis</strong></span> <span class='ocrx_word' id='word_1_217' title='bbox 1369 3763 1387 3850; x_wconf 58' lang='grc' dir='ltr'>ᾗ</span> <span class='ocrx_word' id='word_1_218' title='bbox 1409 3763 1451 3830; x_wconf 76' lang='grc'><strong>26</strong></span> <span class='ocrx_word' id='word_1_219' title='bbox 1476 3757 1600 3847; x_wconf 82' lang='lat' dir='ltr'><strong>afferre,</strong></span> 
     </span>
    </p>
   </div>
   <div class='ocr_carea' id='block_1_3' title="bbox 235 3875 1600 3968">
    <p class='ocr_par' dir='ltr' id='par_1_13' title="bbox 235 3875 1600 3968">
     <span class='ocr_line' id='line_1_30' title="bbox 235 3875 1600 3968; baseline 0 -24"><span class='ocrx_word' id='word_1_220' title='bbox 235 3962 238 3968; x_wconf 18' lang='grc' dir='ltr'>Ι</span> <span class='ocrx_word' id='word_1_221' title='bbox 375 3895 480 3962; x_wconf 88' lang='lat' dir='ltr'><strong>aqua</strong></span> <span class='ocrx_word' id='word_1_222' title='bbox 500 3875 553 3944; x_wconf 92' lang='lat' dir='ltr'><strong>alii</strong></span> <span class='ocrx_word' id='word_1_223' title='bbox 575 3875 673 3944; x_wconf 92' lang='lat' dir='ltr'><strong>totius</strong></span> <span class='ocrx_word' id='word_1_224' title='bbox 696 3876 917 3961; x_wconf 89' lang='lat' dir='ltr'><strong>disputationis</strong></span> <span class='ocrx_word' id='word_1_225' title='bbox 938 3877 1098 3958; x_wconf 89' lang='lat' dir='ltr'><strong>petierunt</strong></span> <span class='ocrx_word' id='word_1_226' title='bbox 1124 3875 1302 3953; x_wconf 76' lang='lat' dir='ltr'><strong>exordium3</strong></span> <span class='ocrx_word' id='word_1_227' title='bbox 1329 3877 1384 3945; x_wconf 91' lang='lat' dir='ltr'><strong>ubi</strong></span> <span class='ocrx_word' id='word_1_228' title='bbox 1412 3876 1465 3944; x_wconf 90' lang='lat' dir='ltr'><strong>ille</strong></span> <span class='ocrx_word' id='word_1_229' title='bbox 1493 3894 1600 3962; x_wconf 86' lang='lat' dir='ltr'><strong>repre·</strong></span> 
     </span>
    </p>
   </div>
   <div class='ocr_carea' id='block_1_4' title="bbox 263 3987 1600 4522">
    <p class='ocr_par' dir='ltr' id='par_1_14' title="bbox 375 3987 1510 4057">
     <span class='ocr_line' id='line_1_31' title="bbox 375 3987 1510 4057; baseline -0.003 -1"><span class='ocrx_word' id='word_1_230' title='bbox 375 3989 475 4057; x_wconf 87' lang='lat' dir='ltr'><strong>hensa</strong></span> <span class='ocrx_word' id='word_1_231' title='bbox 496 3987 688 4056; x_wconf 86' lang='lat' dir='ltr'><strong>Graecorum</strong></span> <span class='ocrx_word' id='word_1_232' title='bbox 708 3987 741 4055; x_wconf 95' lang='lat' dir='ltr'><strong>in</strong></span> <span class='ocrx_word' id='word_1_233' title='bbox 763 3987 851 4056; x_wconf 89' lang='lat' dir='ltr'><strong>libris</strong></span> <span class='ocrx_word' id='word_1_234' title='bbox 873 3987 1079 4056; x_wconf 89' lang='lat' dir='ltr'><strong>inscribendis</strong></span> <span class='ocrx_word' id='word_1_235' title='bbox 1100 3987 1298 4056; x_wconf 86' lang='lat' dir='ltr'><strong>immodestia</strong></span> <span class='ocrx_word' id='word_1_236' title='bbox 1319 3987 1397 4056; x_wconf 89' lang='lat' dir='ltr'><strong>haec</strong></span> <span class='ocrx_word' id='word_1_237' title='bbox 1418 3988 1510 4055; x_wconf 86' lang='lat' dir='ltr'><strong>dixit:</strong></span> 
     </span>
    </p>

    <p class='ocr_par' dir='ltr' id='par_1_15' title="bbox 379 4098 1600 4184">
     <span class='ocr_line' id='line_1_32' title="bbox 379 4098 1600 4184; baseline 0.005 -24"><span class='ocrx_word' id='word_1_238' title='bbox 379 4105 433 4168; x_wconf 79' lang='lat' dir='ltr'><strong>»et</strong></span> <span class='ocrx_word' id='word_1_239' title='bbox 454 4119 495 4166; x_wconf 90' lang='lat' dir='ltr'><strong>ne</strong></span> <span class='ocrx_word' id='word_1_240' title='bbox 517 4100 549 4166; x_wconf 92' lang='lat' dir='ltr'><strong>in</strong></span> <span class='ocrx_word' id='word_1_241' title='bbox 571 4105 673 4167; x_wconf 89' lang='lat' dir='ltr'><strong>totum</strong></span> <span class='ocrx_word' id='word_1_242' title='bbox 696 4099 804 4168; x_wconf 89' lang='lat' dir='ltr'><strong>videar</strong></span> <span class='ocrx_word' id='word_1_243' title='bbox 817 4099 957 4167; x_wconf 86' lang='lat' dir='ltr'><strong>Graecos</strong></span> <span class='ocrx_word' id='word_1_244' title='bbox 979 4098 1125 4166; x_wconf 87' lang='lat' dir='ltr'><strong>insectari</strong></span> <span class='ocrx_word' id='word_1_245' title='bbox 1146 4119 1186 4167; x_wconf 86' lang='lat' dir='ltr'><strong>ex</strong></span> <span class='ocrx_word' id='word_1_246' title='bbox 1206 4099 1267 4166; x_wconf 91' lang='lat' dir='ltr'><strong>illis</strong></span> <span class='ocrx_word' id='word_1_247' title='bbox 1287 4118 1344 4167; x_wconf 90' lang='lat' dir='ltr'><strong>nos</strong></span> <span class='ocrx_word' id='word_1_248' title='bbox 1358 4098 1451 4167; x_wconf 85' lang='lat' dir='ltr'><strong>velim</strong></span> <span class='ocrx_word' id='word_1_249' title='bbox 1465 4099 1600 4184; x_wconf 81' lang='lat' dir='ltr'><strong>intelligi</strong></span> 
     </span>
    </p>

    <p class='ocr_par' dir='ltr' id='par_1_16' title="bbox 263 4210 1599 4410">
     <span class='ocr_line' id='line_1_33' title="bbox 263 4210 1598 4314; baseline 0 -35"><span class='ocrx_word' id='word_1_250' title='bbox 263 4288 275 4314; x_wconf 33' lang='grc' dir='ltr'><strong>ι</strong></span> <span class='ocrx_word' id='word_1_251' title='bbox 376 4211 524 4297; x_wconf 83' lang='lat' dir='ltr'><strong>pingendi</strong></span> <span class='ocrx_word' id='word_1_252' title='bbox 545 4211 747 4298; x_wconf 80' lang='lat' dir='ltr'><strong>fingendique</strong></span> <span class='ocrx_word' id='word_1_253' title='bbox 765 4211 997 4290; x_wconf 84' lang='lat' dir='ltr'><strong>conditoribus,</strong></span> <span class='ocrx_word' id='word_1_254' title='bbox 1018 4229 1098 4294; x_wconf 86' lang='lat' dir='ltr'><strong>quos</strong></span> <span class='ocrx_word' id='word_1_255' title='bbox 1119 4212 1151 4278; x_wconf 91' lang='lat' dir='ltr'><strong>in</strong></span> <span class='ocrx_word' id='word_1_256' title='bbox 1174 4211 1287 4279; x_wconf 88' lang='lat' dir='ltr'><strong>libellis</strong></span> <span class='ocrx_word' id='word_1_257' title='bbox 1308 4210 1358 4278; x_wconf 89' lang='lat' dir='ltr'><strong>his</strong></span> <span class='ocrx_word' id='word_1_258' title='bbox 1380 4211 1519 4280; x_wconf 81' lang='lat' dir='ltr'><strong>inuenies</strong></span> <span class='ocrx_word' id='word_1_259' title='bbox 1541 4211 1598 4280; x_wconf 79' lang='lat' dir='ltr'><strong>ub</strong></span> 
     </span>
     <span class='ocr_line' id='line_1_34' title="bbox 292 4323 1599 4410; baseline 0.002 -20"><span class='ocrx_word' id='word_1_260' title='bbox 292 4343 295 4348; x_wconf 92' lang='lat'>·</span> <span class='ocrx_word' id='word_1_261' title='bbox 376 4324 481 4392; x_wconf 90' lang='lat' dir='ltr'><strong>soluta</strong></span> <span class='ocrx_word' id='word_1_262' title='bbox 502 4343 598 4409; x_wconf 87' lang='lat' dir='ltr'><strong>opera</strong></span> <span class='ocrx_word' id='word_1_263' title='bbox 619 4329 652 4391; x_wconf 90' lang='lat' dir='ltr'><strong>et</strong></span> <span class='ocrx_word' id='word_1_264' title='bbox 673 4323 727 4391; x_wconf 88' lang='lat' dir='ltr'><strong>illa</strong></span> <span class='ocrx_word' id='word_1_265' title='bbox 748 4341 872 4410; x_wconf 86' lang='lat' dir='ltr'><strong>quoque</strong></span> <span class='ocrx_word' id='word_1_266' title='bbox 893 4341 975 4407; x_wconf 87' lang='lat' dir='ltr'><strong>quae</strong></span> <span class='ocrx_word' id='word_1_267' title='bbox 1002 4325 1145 4392; x_wconf 87' lang='lat' dir='ltr'><strong>mirando</strong></span> <span class='ocrx_word' id='word_1_268' title='bbox 1173 4341 1235 4391; x_wconf 92' lang='lat' dir='ltr'><strong>non</strong></span> <span class='ocrx_word' id='word_1_269' title='bbox 1264 4323 1418 4390; x_wconf 86' lang='lat' dir='ltr'><strong>satiamur</strong></span> <span class='ocrx_word' id='word_1_270' title='bbox 1446 4323 1599 4408; x_wconf 83' lang='lat' dir='ltr'><strong>pendenti</strong></span> 
     </span>
    </p>

    <p class='ocr_par' dir='ltr' id='par_1_17' title="bbox 375 4435 1599 4522">
     <span class='ocr_line' id='line_1_35' title="bbox 375 4435 1599 4522; baseline -0.002 -18"><span class='ocrx_word' id='word_1_271' title='bbox 375 4437 467 4505; x_wconf 78' lang='lat' dir='ltr'><strong>uuio</strong></span> <span class='ocrx_word' id='word_1_272' title='bbox 488 4436 697 4520; x_wconf 83' lang='lat' dir='ltr'><strong>inscripsisse:</strong></span> <span class='ocrx_word' id='word_1_273' title='bbox 720 4440 757 4503; x_wconf 87' lang='lat' dir='ltr'><strong>ut</strong></span> <span class='ocrx_word' id='word_1_274' title='bbox 778 4435 941 4520; x_wconf 84' lang='lat' dir='ltr'><strong>Apelles</strong></span> <span class='ocrx_word' id='word_1_275' title='bbox 962 4436 1136 4504; x_wconf 88' lang='lat' dir='ltr'><strong>faciebat</strong></span> <span class='ocrx_word' id='word_1_276' title='bbox 1158 4442 1224 4504; x_wconf 88' lang='lat' dir='ltr'><strong>aut</strong></span> <span class='ocrx_word' id='word_1_277' title='bbox 1246 4437 1496 4522; x_wconf 83' lang='lat' dir='ltr'><strong>Polycletus,</strong></span> <span class='ocrx_word' id='word_1_278' title='bbox 1512 4441 1599 4518; x_wconf 69' lang='lat' dir='ltr'><strong>,tam-</strong></span> 
     </span>
    </p>
   </div>
   <div class='ocr_carea' id='block_1_5' title="bbox 375 4547 1598 4634">
    <p class='ocr_par' dir='ltr' id='par_1_18' title="bbox 375 4547 1598 4634">
     <span class='ocr_line' id='line_1_36' title="bbox 375 4547 1598 4634; baseline 0.001 -18"><span class='ocrx_word' id='word_1_279' title='bbox 375 4549 468 4634; x_wconf 75' lang='lat' dir='ltr'><strong>quom</strong></span> <span class='ocrx_word' id='word_1_280' title='bbox 497 4547 644 4616; x_wconf 82' lang='lat' dir='ltr'><strong>inchoata</strong></span> <span class='ocrx_word' id='word_1_281' title='bbox 670 4549 793 4634; x_wconf 84' lang='lat' dir='ltr'><strong>se&#39;r&#39;nper</strong></span> <span class='ocrx_word' id='word_1_282' title='bbox 820 4551 888 4616; x_wconf 83' lang='lat' dir='ltr'><strong>erte</strong></span> <span class='ocrx_word' id='word_1_283' title='bbox 918 4551 951 4616; x_wconf 88' lang='lat' dir='ltr'><strong>et</strong></span> <span class='ocrx_word' id='word_1_284' title='bbox 979 4547 1177 4632; x_wconf 85' lang='lat' dir='ltr'><strong>imperfecta,</strong></span> <span class='ocrx_word' id='word_1_285' title='bbox 1206 4554 1243 4616; x_wconf 91' lang='lat' dir='ltr'><strong>ut</strong></span> <span class='ocrx_word' id='word_1_286' title='bbox 1273 4553 1383 4616; x_wconf 80' lang='lat' dir='ltr'><strong>contre</strong></span> <span class='ocrx_word' id='word_1_287' title='bbox 1406 4547 1598 4634; x_wconf 81' lang='lat' dir='ltr'><strong>judiciorum</strong></span> 
     </span>
    </p>
   </div>
   <div class='ocr_carea' id='block_1_6' title="bbox 377 4699 580 4714">
    <p class='ocr_par' dir='ltr' id='par_1_19' title="bbox 377 4699 580 4714">
     <span class='ocr_line' id='line_1_37' title="bbox 377 4699 580 4714; baseline 0 -4"><span class='ocrx_word' id='word_1_288' title='bbox 377 4699 580 4714; x_wconf 61' lang='lat' dir='ltr'>p———nn</span> 
     </span>
    </p>
   </div>
   <div class='ocr_carea' id='block_1_7' title="bbox 443 4778 1167 4853">
    <p class='ocr_par' dir='ltr' id='par_1_20' title="bbox 443 4778 1167 4853">
     <span class='ocr_line' id='line_1_38' title="bbox 443 4778 1167 4853; baseline -0.003 -16"><span class='ocrx_word' id='word_1_289' title='bbox 443 4778 502 4837; x_wconf 78' lang='lat' dir='ltr'><strong>lli.</strong></span> <span class='ocrx_word' id='word_1_290' title='bbox 520 4779 615 4838; x_wconf 82' lang='lat' dir='ltr'><strong>Brenn.</strong></span> <span class='ocrx_word' id='word_1_291' title='bbox 630 4796 695 4837; x_wconf 82' lang='lat' dir='ltr'><strong>mur.</strong></span> <span class='ocrx_word' id='word_1_292' title='bbox 713 4783 751 4838; x_wconf 85' lang='lat' dir='ltr'><strong>rlr.</strong></span> <span class='ocrx_word' id='word_1_293' title='bbox 769 4795 796 4840; x_wconf 91' lang='lat' dir='ltr'><strong>n.</strong></span> <span class='ocrx_word' id='word_1_294' title='bbox 814 4798 836 4836; x_wconf 85' lang='lat' dir='ltr'><strong>s.</strong></span> <span class='ocrx_word' id='word_1_295' title='bbox 854 4789 916 4837; x_wconf 87' lang='lat' dir='ltr'><strong>tom.</strong></span> <span class='ocrx_word' id='word_1_296' title='bbox 928 4781 989 4837; x_wconf 83' lang='lat' dir='ltr'><strong>vm</strong></span> <span class='ocrx_word' id='word_1_297' title='bbox 1004 4796 1031 4853; x_wconf 86' lang='lat' dir='ltr'><strong>p.</strong></span> <span class='ocrx_word' id='word_1_298' title='bbox 1044 4783 1093 4841; x_wconf 73' lang='lat'><strong>247</strong></span> <span class='ocrx_word' id='word_1_299' title='bbox 1111 4799 1167 4851; x_wconf 80' lang='lat' dir='ltr'><strong>sqq.</strong></span> 
     </span>
    </p>
   </div>
   <div class='ocr_carea' id='block_1_8' title="bbox 0 0 1808 5525">
    <p class='ocr_par' dir='ltr' id='par_1_21' title="bbox 0 0 1808 5525">
     <span class='ocr_line' id='line_1_39' title="bbox 0 0 1808 5525; baseline 0 0"><span class='ocrx_word' id='word_1_300' title='bbox 0 0 1808 5525; x_wconf 95' lang='lat' dir='ltr'><strong> </strong></span> 
     </span>
    </p>
   </div>
  </div>
 </body>
</html>
