3608 5528
626 1285 995 1388 PRAEFATIO.

200 1494 244 1588 Ut
264 1522 461 1606 quaestiones
483 1523 576 1589 nimis
592 1521 730 1592 difficiles
746 1528 778 1592 et
801 1529 959 1593 contortas
974 1525 1136 1610 aptissime
1151 1527 1419 1597 arithmeticorum

89 1685 94 1692 .
200 1643 287 1692 more
309 1644 346 1692 eo
368 1624 577 1708 dissolvimus,
599 1627 682 1709 quod
705 1628 838 1710 primum
861 1645 915 1695 eas
938 1629 1154 1698 distribuimus
1176 1631 1209 1697 in
1232 1633 1420 1714 simplicissi-

200 1747 267 1795 mas
288 1732 404 1812 partes,
428 1728 540 1802 deinde
562 1729 762 1813 aggredimur
784 1729 931 1814 singulas,
954 1732 998 1798 ita
1020 1751 1091 1799 cum
1107 1733 1314 1801 conditionem
1336 1738 1422 1802 vete·

199 1852 269 1899 rum
304 1832 528 1898 statuariorum
558 1835 590 1897 et
630 1832 821 1915 sculptorum
852 1834 1073 1918 explorandam
1103 1836 1177 1901 mibi
1207 1837 1420 1921 sumpsissem,

202 1935 289 2003 brevi
312 1941 384 2018 post
405 1940 545 2019 tempore
566 1935 713 2016 intellexi,
736 1935 813 2002 nihil
828 1956 877 2004 me
892 1938 1105 2022 proiecturum
1120 1956 1188 2006 esse
1203 1945 1306 2020 antea,
1328 1959 1421 2023 quam

200 2039 279 2106 alias
300 2039 450 2120 quasdam
473 2040 680 2122 quaestiones,
706 2057 787 2122 quae
808 2041 841 2106 in
862 2041 917 2107 illa
937 2042 1151 2124 continentur,
1181 2049 1332 2127 qnantum
1354 2042 1422 2109 fieri

198 2149 320 2226 posset,
349 2140 611 2224 disceptavissem.
662 2143 728 2209 Nee
753 2145 819 2226 Jam
845 2145 977 2212 liberum
1005 2145 1081 2211 mibi
1111 2146 1236 2230 quidem
1257 2146 1422 2214 videbatur

200 2247 334 2330 eligendi
355 2245 532 2313 arbitrium:
555 2265 612 2329 per
633 2265 668 2313 se
690 2247 771 2313 enim
793 2248 930 2329 patebat,
953 2249 1051 2314 multo
1066 2249 1295 2332 simplicissima
1311 2255 1343 2316 et
1357 2269 1423 2316 ma-

200 2349 401 2419 nifestissima
428 2355 643 2431 monumenta,
672 2367 752 2432 quae
779 2351 916 2418 omnium
944 2352 1117 2419 arctissime
1146 2371 1217 2419 cnm
1247 2351 1421 2421 artificibus

201 2451 412 2533 cohaererent,
435 2470 504 2519 esse
526 2451 680 2520 artificum
701 2453 928 2536 inscriptiones,
950 2456 1063 2536 quibus
1085 2456 1220 2523 certiora
1233 2454 1421 2524 documenta

200 2555 370 2638 excogitari
393 2574 455 2622 non
476 2560 625 2638 possunt,
647 2558 793 2638 quoniam
816 2558 856 2623 ab
878 2557 1050 2624 artificibus
1072 2559 1148 2641 ipsis
1170 2559 1261 2640 quasi
1283 2560 1422 2626 testimo·

200 2659 254 2724 nia
275 2659 315 2724 de
337 2676 371 2725 se
393 2675 450 2725 nec
478 2677 550 2726 raro
573 2658 658 2726 soloe
679 2665 772 2726 notae
793 2667 988 2743 posterorum
1011 2662 1178 2728 memoriae
1207 2662 1316 2728 relicta
1337 2668 1420 2729 sunt.

201 2761 314 2842 Itaque
336 2759 453 2827 iactum
476 2767 533 2843 est,
557 2768 592 2829 ut
614 2782 685 2830 cum
706 2769 740 2829 et
761 2763 869 2830 titulos
891 2782 985 2845 quom
1006 2765 1155 2847 plurimos
1171 2784 1339 2849 congerere
1356 2771 1422 2833 stu·

201 2865 379 2944 deremet,
408 2866 548 2947 quaein
578 2867 733 2949 congestis
761 2867 1060 2948 animadverteram,
1089 2866 1202 2934 litteris
1231 2867 1421 2951 mandarem,

202 2968 363 3050 paullatim
385 2969 547 3035 titulorum
569 2969 687 3053 sylloge
709 2976 742 3036 et
764 2971 982 3036 commentatio
1011 2969 1237 3038 conficerentur
1267 2991 1304 3038 eo
1325 2973 1421 3055 potis·

201 3073 313 3137 simum
330 3072 482 3152 consilio,
513 3078 550 3138 ut
571 3091 621 3138 me
648 3074 750 3156 ipsum
779 3071 908 3138 adrem
930 3073 969 3139 ab
996 3073 1085 3138 initio
1106 3075 1300 3158 propositam
1321 3077 1422 3158 magis

202 3181 380 3259 promptum
402 3173 565 3243 efficerem.
609 3176 677 3241 Iam
705 3195 775 3242 cum
801 3193 882 3257 quae
910 3176 1079 3260 conscripsi
1108 3182 1278 3244 retractata
1306 3179 1422 3262 publici

196 3279 279 3362 juris
309 3278 420 3346 faciam
447 3297 503 3363 spe
525 3285 629 3346 motus
657 3299 695 3346 ea
722 3279 855 3346 tortasse
884 3283 916 3346 et
942 3279 1011 3345 aliis
1040 3298 1110 3346 esse
1136 3280 1314 3363 profutura,
1343 3300 1422 3365 opus

201 3383 278 3448 milri
300 3381 441 3463 videtur,
472 3388 508 3449 ut
530 3401 593 3466 qua
614 3389 718 3450 mente
739 3383 848 3449 titulos
871 3382 1048 3464 collegerim
1071 3388 1103 3450 et
1131 3385 1323 3467 scripserim,
1354 3386 1422 3452 bre·

200 3486 291 3554 uibus
312 3505 473 3569 exponam.

288 3591 334 3655 Ao
356 3591 491 3673 primum
513 3608 583 3657 cum
606 3589 745 3674 syllogen
767 3589 890 3674 plenam
913 3589 1057 3657 exhibere
1079 3590 1205 3671 vellem,
1235 3609 1275 3657 ne
1296 3591 1422 3658 mutilos

203 3694 330 3774 quidem
353 3693 461 3760 titulos
483 3693 610 3778 impune
628 3712 651 3760 a
665 3713 715 3760 me
737 3694 852 3777 negligi
867 3711 958 3776 posse
976 3693 1125 3775 jndicem,
1148 3693 1334 3777 praesertim
1351 3711 1422 3761 omn

203 3796 310 3880 plnres
333 3797 491 3880 regiones,
521 3815 600 3879 quas
621 3798 699 3864 artis
720 3797 813 3862 laude
833 3794 977 3864 floruisse
998 3815 1060 3862 non
1081 3796 1232 3862 traditum
1254 3800 1318 3876 est,
1348 3798 1422 3863 titu-

202 3900 303 3966 lorum
331 3905 454 3966 tantum
480 3899 663 3984 fragmentis
692 3899 830 3983 insignes
858 3900 930 3965 sint.
976 3901 1123 3965 Attamen
1152 3899 1226 3965 licet
1247 3898 1389 3964 Bruanii
1396 3900 1421 3984 ¹)

204 4009 236 4068 et
265 4001 481 4088 Ouerbeolciii)
513 4005 675 4085 operibns,
712 4005 752 4069 de
778 4003 893 4085 quibus
922 4003 993 4070 vide
1021 4023 1051 4086 p.
1075 4003 1108 4082 2,
1140 4019 1335 4086 summopere
1363 4004 1421 4070 sim

203 4105 338 4190 adjutus,
360 4106 445 4173 baud
459 4125 574 4191 paucas
590 4126 640 4174 me
655 4106 801 4190 eiiugisse
814 4106 1050 4190 inscriptionum
1065 4105 1110 4171 ita
1126 4105 1335 4188 dispersarum
1354 4107 1422 4190 ipse

204 4209 337 4275 libenter
355 4210 499 4291 concedo,
515 4215 547 4276 et
568 4211 630 4274 iam
651 4229 733 4276 nuno
754 4209 920 4276 nonnullae
942 4207 1015 4275 addi
1037 4214 1207 4292 potuerunt
1229 4197 1272 4292 (p'.
1286 4209 1348 4274 200
1360 4210 1420 4294 sq.)

204 4333 242 4380 ex
258 4312 369 4417 libris,
399 4331 476 4395 quos
505 4313 655 4396 opusculo
682 4314 865 4381 concinnato
895 4312 1019 4379 demum
1051 4312 1204 4394 inspicere
1236 4311 1333 4379 licuit.
1383 4311 1420 4378 In

267 4521 291 4587 ¹)
308 4521 462 4574 Geeohichts
480 4521 525 4574 der
542 4521 637 4590 grieeb.
649 4522 787 4576 Kuenrtler
805 4539 855 4574 ron
867 4521 910 4574 Dr.
923 4520 961 4572 H.
974 4520 1078 4576 bruno.
1098 4521 1118 4573 l.
1135 4519 1332 4588 Brnunrobweig
1345 4521 1418 4576 1853.

268 4609 292 4674 ²)
309 4607 357 4660 Die
383 4608 487 4660 antiken
507 4607 702 4677 Schrittqnelien
726 4627 771 4662 cnr
788 4609 940 4662 Gesobiobto
959 4608 1004 4660 der
1021 4607 1157 4660 bildenden
1174 4605 1287 4659 Knenste
1308 4607 1350 4659 bei
1371 4607 1419 4659 den

205 4695 336 4748 Griecben.
372 4696 526 4748 Gesanumelt
544 4712 594 4746 von
612 4694 637 4747 Ι.
659 4693 796 4759 Ouerbeclc,
821 4695 907 4768 quiin
934 4695 1014 4748 titulis
1039 4694 1177 4749 scribendis
1195 4694 1341 4748 minusculis
1358 4710 1419 4746 usus

204 4791 255 4852 ειη
274 4781 364 4834 citatur
381 4781 528 4854 plerumque
546 4781 635 4836 litteris
654 4781 709 4850 SQ.
