<?xml version="1.0" encoding="UTF-8"?>
<!DOCTYPE html PUBLIC "-//W3C//DTD XHTML 1.0 Transitional//EN"
    "http://www.w3.org/TR/xhtml1/DTD/xhtml1-transitional.dtd">
<html xmlns="http://www.w3.org/1999/xhtml" xml:lang="en" lang="en">
 <head>
  <title>
</title>
<meta http-equiv="Content-Type" content="text/html;charset=utf-8" />
  <meta name='ocr-system' content='tesseract 3.04.00' />
  <meta name='ocr-capabilities' content='ocr_page ocr_carea ocr_par ocr_line ocrx_word'/>
</head>
<body>
  <div class='ocr_page' id='page_1' title='image "./titulistatuario01hirsgoog_0018.png"; bbox 0 0 3608 5528; ppageno 0'>
   <div class='ocr_carea' id='block_1_1' title="bbox 204 762 1441 3868">
    <p class='ocr_par' dir='ltr' id='par_1_1' title="bbox 204 762 1441 3868">
     <span class='ocr_line' id='line_1_1' title="bbox 223 762 1439 857; baseline -0.003 -25"><span class='ocrx_word' id='word_1_1' title='bbox 223 769 373 857; x_wconf 70' lang='grc' dir='ltr'><em>ἐπίκλησιν</em></span> <span class='ocrx_word' id='word_1_2' title='bbox 400 769 448 832; x_wconf 81' lang='grc' dir='ltr'><em>καί</em></span> <span class='ocrx_word' id='word_1_3' title='bbox 476 767 588 855; x_wconf 79' lang='grc' dir='ltr'><em>ταύτης</em></span> <span class='ocrx_word' id='word_1_4' title='bbox 603 764 748 848; x_wconf 76' lang='grc' dir='ltr'><strong>Ὑγιείας,</strong></span> <span class='ocrx_word' id='word_1_5' title='bbox 769 776 872 847; x_wconf 85' lang='lat' dir='ltr'><strong>&#39;quam</strong></span> <span class='ocrx_word' id='word_1_6' title='bbox 901 768 933 830; x_wconf 84' lang='lat' dir='ltr'><strong>et</strong></span> <span class='ocrx_word' id='word_1_7' title='bbox 954 762 1072 829; x_wconf 81' lang='lat' dir='ltr'>Plinius</span> <span class='ocrx_word' id='word_1_8' title='bbox 1095 763 1237 842; x_wconf 88' lang='lat' dir='ltr'>XXXIV,</span> <span class='ocrx_word' id='word_1_9' title='bbox 1267 765 1308 828; x_wconf 90' lang='lat'><strong>80</strong></span> <span class='ocrx_word' id='word_1_10' title='bbox 1336 769 1368 830; x_wconf 85' lang='lat' dir='ltr'><strong>et</strong></span> <span class='ocrx_word' id='word_1_11' title='bbox 1396 766 1439 829; x_wconf 84' lang='lat' dir='ltr'><strong>in·</strong></span> 
     </span>
     <span class='ocr_line' id='line_1_2' title="bbox 222 853 1439 963; baseline -0.008 -17"><span class='ocrx_word' id='word_1_12' title='bbox 222 880 350 963; x_wconf 87' lang='lat' dir='ltr'><strong>scriptio</strong></span> <span class='ocrx_word' id='word_1_13' title='bbox 372 898 401 944; x_wconf 94' lang='lat' dir='ltr'><strong>n.</strong></span> <span class='ocrx_word' id='word_1_14' title='bbox 420 878 460 943; x_wconf 90' lang='lat'><strong>18</strong></span> <span class='ocrx_word' id='word_1_15' title='bbox 482 879 595 962; x_wconf 83' lang='lat' dir='ltr'><strong>Pyrrhi</strong></span> <span class='ocrx_word' id='word_1_16' title='bbox 618 874 816 943; x_wconf 78' lang='lat' dir='ltr'><strong>Atheniensis</strong></span> <span class='ocrx_word' id='word_1_17' title='bbox 838 891 917 956; x_wconf 95' lang='lat' dir='ltr'><strong>opus</strong></span> <span class='ocrx_word' id='word_1_18' title='bbox 938 872 1035 940; x_wconf 85' lang='lat' dir='ltr'><strong>inisse</strong></span> <span class='ocrx_word' id='word_1_19' title='bbox 1056 892 1114 940; x_wconf 92' lang='lat' dir='ltr'><strong>nos</strong></span> <span class='ocrx_word' id='word_1_20' title='bbox 1137 857 1270 940; x_wconf 84' lang='lat' dir='ltr'><strong>edocuit</strong></span> <span class='ocrx_word' id='word_1_21' title='bbox 1309 875 1334 954; x_wconf 91' lang='grc' dir='ltr'><strong>Ι,</strong></span> <span class='ocrx_word' id='word_1_22' title='bbox 1353 853 1439 954; x_wconf 64' lang='grc'><strong>212</strong></span> 
     </span>
     <span class='ocr_line' id='line_1_3' title="bbox 222 984 1439 1076; baseline -0.003 -22"><span class='ocrx_word' id='word_1_23' title='bbox 222 993 315 1054; x_wconf 80' lang='grc' dir='ltr'><em>κεῖται</em></span> <span class='ocrx_word' id='word_1_24' title='bbox 338 989 374 1054; x_wconf 79' lang='lat' dir='ltr'><strong>ts</strong></span> <span class='ocrx_word' id='word_1_25' title='bbox 396 991 444 1054; x_wconf 81' lang='grc' dir='ltr'><em>καί</em></span> <span class='ocrx_word' id='word_1_26' title='bbox 468 988 600 1076; x_wconf 80' lang='grc' dir='ltr'><em>Φρίξος.</em></span> <span class='ocrx_word' id='word_1_27' title='bbox 614 1036 643 1052; x_wconf 91' lang='grc'><strong>..</strong></span> <span class='ocrx_word' id='word_1_28' title='bbox 667 984 770 1056; x_wconf 71' lang='grc' dir='ltr'><em>θύσας</em></span> <span class='ocrx_word' id='word_1_29' title='bbox 791 985 842 1048; x_wconf 84' lang='grc' dir='ltr'><strong>τὸν</strong></span> <span class='ocrx_word' id='word_1_30' title='bbox 865 985 959 1072; x_wconf 81' lang='grc' dir='ltr'><em>κριόν,</em></span> <span class='ocrx_word' id='word_1_31' title='bbox 989 986 1030 1052; x_wconf 85' lang='lat' dir='ltr'><strong>ad</strong></span> <span class='ocrx_word' id='word_1_32' title='bbox 1052 1003 1147 1067; x_wconf 84' lang='lat' dir='ltr'><strong>quam</strong></span> <span class='ocrx_word' id='word_1_33' title='bbox 1169 991 1306 1052; x_wconf 80' lang='lat' dir='ltr'><strong>statuam</strong></span> <span class='ocrx_word' id='word_1_34' title='bbox 1328 990 1360 1053; x_wconf 86' lang='lat' dir='ltr'><strong>et</strong></span> <span class='ocrx_word' id='word_1_35' title='bbox 1380 986 1439 1051; x_wconf 87' lang='lat' dir='ltr'><strong>Pli-</strong></span> 
     </span>
     <span class='ocr_line' id='line_1_4' title="bbox 221 1097 1439 1185; baseline -0.004 -18"><span class='ocrx_word' id='word_1_36' title='bbox 221 1101 291 1167; x_wconf 86' lang='lat' dir='ltr'><strong>nius</strong></span> <span class='ocrx_word' id='word_1_37' title='bbox 306 1101 327 1166; x_wconf 89' lang='lat'><strong>1.</strong></span> <span class='ocrx_word' id='word_1_38' title='bbox 343 1102 363 1166; x_wconf 94' lang='lat' dir='ltr'><strong>l.</strong></span> <span class='ocrx_word' id='word_1_39' title='bbox 387 1105 509 1185; x_wconf 87' lang='lat' dir='ltr'><strong>spectat</strong></span> <span class='ocrx_word' id='word_1_40' title='bbox 529 1101 578 1166; x_wconf 90' lang='lat' dir='ltr'><strong>his</strong></span> <span class='ocrx_word' id='word_1_41' title='bbox 600 1100 718 1166; x_wconf 89' lang='lat' dir='ltr'><strong>verbis:</strong></span> <span class='ocrx_word' id='word_1_42' title='bbox 737 1097 922 1180; x_wconf 80' lang='lat' dir='ltr'><strong>»Naucydes</strong></span> <span class='ocrx_word' id='word_1_43' title='bbox 935 1146 942 1160; x_wconf 90' lang='lat'><em>.</em></span> <span class='ocrx_word' id='word_1_44' title='bbox 956 1146 963 1160; x_wconf 92' lang='lat'>.</span> <span class='ocrx_word' id='word_1_45' title='bbox 979 1145 1008 1162; x_wconf 89' lang='lat'><strong>..</strong></span> <span class='ocrx_word' id='word_1_46' title='bbox 1031 1098 1212 1164; x_wconf 81' lang='lat' dir='ltr'><strong>immolante</strong></span> <span class='ocrx_word' id='word_1_47' title='bbox 1227 1099 1357 1165; x_wconf 89' lang='lat' dir='ltr'><strong>arietem</strong></span> <span class='ocrx_word' id='word_1_48' title='bbox 1372 1116 1439 1165; x_wconf 92' lang='lat' dir='ltr'><strong>cen-</strong></span> 
     </span>
     <span class='ocr_line' id='line_1_5' title="bbox 222 1207 1440 1295; baseline -0.002 -19"><span class='ocrx_word' id='word_1_49' title='bbox 222 1217 327 1278; x_wconf 76' lang='lat' dir='ltr'><strong>setur«</strong></span> <span class='ocrx_word' id='word_1_50' title='bbox 352 1216 384 1278; x_wconf 93' lang='lat' dir='ltr'><strong>et</strong></span> <span class='ocrx_word' id='word_1_51' title='bbox 404 1211 564 1295; x_wconf 81' lang='lat' dir='ltr'><strong>inscriptio</strong></span> <span class='ocrx_word' id='word_1_52' title='bbox 586 1230 616 1277; x_wconf 91' lang='lat' dir='ltr'><strong>n.</strong></span> <span class='ocrx_word' id='word_1_53' title='bbox 633 1211 671 1274; x_wconf 94' lang='grc'><strong>21</strong></span> <span class='ocrx_word' id='word_1_54' title='bbox 681 1211 701 1273; x_wconf 90' lang='lat'><strong>¹.</strong></span> <span class='ocrx_word' id='word_1_55' title='bbox 741 1208 905 1275; x_wconf 81' lang='lat' dir='ltr'><strong>Menandri</strong></span> <span class='ocrx_word' id='word_1_56' title='bbox 926 1213 1074 1285; x_wconf 89' lang='lat' dir='ltr'><strong>statuam,</strong></span> <span class='ocrx_word' id='word_1_57' title='bbox 1097 1226 1178 1290; x_wconf 89' lang='lat' dir='ltr'><strong>quae</strong></span> <span class='ocrx_word' id='word_1_58' title='bbox 1200 1215 1268 1276; x_wconf 91' lang='lat' dir='ltr'><strong>erat</strong></span> <span class='ocrx_word' id='word_1_59' title='bbox 1289 1208 1322 1274; x_wconf 91' lang='lat' dir='ltr'><strong>in</strong></span> <span class='ocrx_word' id='word_1_60' title='bbox 1345 1207 1440 1274; x_wconf 89' lang='lat' dir='ltr'><strong>Athe·</strong></span> 
     </span>
     <span class='ocr_line' id='line_1_6' title="bbox 222 1318 1439 1404; baseline -0.002 -17"><span class='ocrx_word' id='word_1_61' title='bbox 222 1323 376 1389; x_wconf 89' lang='lat' dir='ltr'><strong>niensium</strong></span> <span class='ocrx_word' id='word_1_62' title='bbox 398 1322 535 1404; x_wconf 87' lang='lat' dir='ltr'><strong>theatro,</strong></span> <span class='ocrx_word' id='word_1_63' title='bbox 559 1321 731 1388; x_wconf 87' lang='lat' dir='ltr'><strong>Pausanias</strong></span> <span class='ocrx_word' id='word_1_64' title='bbox 752 1321 778 1397; x_wconf 91' lang='lat'><strong>1,</strong></span> <span class='ocrx_word' id='word_1_65' title='bbox 802 1320 855 1397; x_wconf 91' lang='grc'><strong>21,</strong></span> <span class='ocrx_word' id='word_1_66' title='bbox 879 1322 894 1384; x_wconf 98' lang='grc'><strong>1</strong></span> <span class='ocrx_word' id='word_1_67' title='bbox 920 1319 1119 1395; x_wconf 86' lang='lat' dir='ltr'><strong>memoravit,</strong></span> <span class='ocrx_word' id='word_1_68' title='bbox 1142 1319 1211 1402; x_wconf 90' lang='lat' dir='ltr'><strong>quis</strong></span> <span class='ocrx_word' id='word_1_69' title='bbox 1233 1318 1355 1398; x_wconf 87' lang='lat' dir='ltr'><strong>iecerit,</strong></span> <span class='ocrx_word' id='word_1_70' title='bbox 1378 1337 1439 1386; x_wconf 95' lang='lat' dir='ltr'><strong>non</strong></span> 
     </span>
     <span class='ocr_line' id='line_1_7' title="bbox 220 1428 1441 1520; baseline -0.003 -22"><span class='ocrx_word' id='word_1_71' title='bbox 220 1431 367 1514; x_wconf 74' lang='lat' dir='ltr'><strong>tradidit,</strong></span> <span class='ocrx_word' id='word_1_72' title='bbox 396 1450 584 1516; x_wconf 79' lang='lat' dir='ltr'><strong>quamquam</strong></span> <span class='ocrx_word' id='word_1_73' title='bbox 606 1433 757 1515; x_wconf 84' lang='lat' dir='ltr'><strong>scriptum</strong></span> <span class='ocrx_word' id='word_1_74' title='bbox 778 1430 874 1498; x_wconf 82' lang='lat' dir='ltr'><strong>fuisse</strong></span> <span class='ocrx_word' id='word_1_75' title='bbox 896 1432 926 1496; x_wconf 85' lang='lat' dir='ltr'><strong>in</strong></span> <span class='ocrx_word' id='word_1_76' title='bbox 956 1431 1024 1498; x_wconf 80' lang='lat' dir='ltr'><strong>basi</strong></span> <span class='ocrx_word' id='word_1_77' title='bbox 1046 1428 1263 1518; x_wconf 79' lang='grc' dir='ltr'><strong><em>Κηφισόδοτος</em></strong></span> <span class='ocrx_word' id='word_1_78' title='bbox 1291 1429 1441 1520; x_wconf 76' lang='grc' dir='ltr'><em>Τίμαρχος</em></span> 
     </span>
     <span class='ocr_line' id='line_1_8' title="bbox 219 1540 1440 1630; baseline 0.004 -25"><span class='ocrx_word' id='word_1_79' title='bbox 219 1541 357 1630; x_wconf 70' lang='grc' dir='ltr'><em>ἐκύησαν</em></span> <span class='ocrx_word' id='word_1_80' title='bbox 379 1563 417 1610; x_wconf 83' lang='lat' dir='ltr'><strong>ex</strong></span> <span class='ocrx_word' id='word_1_81' title='bbox 438 1563 469 1610; x_wconf 92' lang='lat' dir='ltr'><strong>n.</strong></span> <span class='ocrx_word' id='word_1_82' title='bbox 482 1543 522 1608; x_wconf 83' lang='lat'><strong>35</strong></span> <span class='ocrx_word' id='word_1_83' title='bbox 545 1543 769 1628; x_wconf 82' lang='lat' dir='ltr'><strong>cognoscimus.</strong></span> <span class='ocrx_word' id='word_1_84' title='bbox 803 1541 923 1621; x_wconf 85' lang='lat' dir='ltr'><strong>Quibus</strong></span> <span class='ocrx_word' id='word_1_85' title='bbox 938 1542 1075 1626; x_wconf 89' lang='lat' dir='ltr'><strong>adjicias,</strong></span> <span class='ocrx_word' id='word_1_86' title='bbox 1099 1547 1135 1608; x_wconf 92' lang='lat' dir='ltr'><strong>ut</strong></span> <span class='ocrx_word' id='word_1_87' title='bbox 1150 1540 1300 1608; x_wconf 85' lang='lat' dir='ltr'><strong>Cresilam</strong></span> <span class='ocrx_word' id='word_1_88' title='bbox 1316 1543 1440 1610; x_wconf 90' lang='lat' dir='ltr'><strong>omitta-</strong></span> 
     </span>
     <span class='ocr_line' id='line_1_9' title="bbox 218 1650 1438 1742; baseline -0.002 -22"><span class='ocrx_word' id='word_1_89' title='bbox 218 1655 317 1734; x_wconf 59' lang='lat' dir='ltr'><strong>musl,</strong></span> <span class='ocrx_word' id='word_1_90' title='bbox 340 1654 367 1736; x_wconf 88' lang='grc' dir='ltr'><strong>Ι,</strong></span> <span class='ocrx_word' id='word_1_91' title='bbox 381 1655 432 1734; x_wconf 86' lang='grc'><strong>23,</strong></span> <span class='ocrx_word' id='word_1_92' title='bbox 450 1657 469 1719; x_wconf 86' lang='grc'><strong>9</strong></span> <span class='ocrx_word' id='word_1_93' title='bbox 488 1650 677 1742; x_wconf 77' lang='grc' dir='ltr'><em>Ἐπιχαρίνου</em></span> <span class='ocrx_word' id='word_1_94' title='bbox 706 1654 760 1742; x_wconf 69' lang='grc' dir='ltr'><strong>τὴν</strong></span> <span class='ocrx_word' id='word_1_95' title='bbox 781 1651 883 1717; x_wconf 78' lang='grc' dir='ltr'><em>εἰκόνα</em></span> <span class='ocrx_word' id='word_1_96' title='bbox 903 1651 1029 1741; x_wconf 80' lang='grc' dir='ltr'><em>ἐποίησε</em></span> <span class='ocrx_word' id='word_1_97' title='bbox 1045 1651 1168 1740; x_wconf 84' lang='grc' dir='ltr'><em>Κριτίος</em></span> <span class='ocrx_word' id='word_1_98' title='bbox 1189 1651 1327 1740; x_wconf 77' lang='grc' dir='ltr'><strong>(Κριτίας</strong></span> <span class='ocrx_word' id='word_1_99' title='bbox 1340 1653 1438 1736; x_wconf 83' lang='lat' dir='ltr'><strong>mss),</strong></span> 
     </span>
     <span class='ocr_line' id='line_1_10' title="bbox 218 1763 1439 1849; baseline -0.001 -17"><span class='ocrx_word' id='word_1_100' title='bbox 218 1765 274 1832; x_wconf 91' lang='lat' dir='ltr'><strong>sed</strong></span> <span class='ocrx_word' id='word_1_101' title='bbox 302 1764 418 1832; x_wconf 89' lang='lat' dir='ltr'><strong>Critius</strong></span> <span class='ocrx_word' id='word_1_102' title='bbox 446 1770 480 1832; x_wconf 89' lang='lat' dir='ltr'><strong>et</strong></span> <span class='ocrx_word' id='word_1_103' title='bbox 506 1764 651 1832; x_wconf 86' lang='lat' dir='ltr'><strong>Nesiotss</strong></span> <span class='ocrx_word' id='word_1_104' title='bbox 680 1764 823 1832; x_wconf 87' lang='lat' dir='ltr'><strong>fecerunt</strong></span> <span class='ocrx_word' id='word_1_105' title='bbox 851 1765 894 1849; x_wconf 91' lang='lat' dir='ltr'><strong>(n.</strong></span> <span class='ocrx_word' id='word_1_106' title='bbox 920 1765 983 1849; x_wconf 84' lang='grc'><strong>10).</strong></span> <span class='ocrx_word' id='word_1_107' title='bbox 1013 1801 1056 1812; x_wconf 86' lang='lat'><em>-</em></span> <span class='ocrx_word' id='word_1_108' title='bbox 1086 1765 1204 1845; x_wconf 84' lang='lat' dir='ltr'><strong>Quodsi</strong></span> <span class='ocrx_word' id='word_1_109' title='bbox 1233 1763 1373 1846; x_wconf 85' lang='lat' dir='ltr'><strong>exempla</strong></span> <span class='ocrx_word' id='word_1_110' title='bbox 1401 1785 1439 1831; x_wconf 84' lang='lat' dir='ltr'><strong>ex</strong></span> 
     </span>
     <span class='ocr_line' id='line_1_11' title="bbox 217 1873 1439 1960; baseline -0.001 -17"><span class='ocrx_word' id='word_1_111' title='bbox 217 1877 319 1960; x_wconf 89' lang='lat' dir='ltr'><strong>primo</strong></span> <span class='ocrx_word' id='word_1_112' title='bbox 340 1881 462 1943; x_wconf 88' lang='lat' dir='ltr'><strong>tantum</strong></span> <span class='ocrx_word' id='word_1_113' title='bbox 484 1877 564 1944; x_wconf 89' lang='lat' dir='ltr'><strong>libro</strong></span> <span class='ocrx_word' id='word_1_114' title='bbox 585 1895 730 1958; x_wconf 86' lang='lat' dir='ltr'><strong>promere</strong></span> <span class='ocrx_word' id='word_1_115' title='bbox 751 1877 849 1958; x_wconf 88' lang='lat' dir='ltr'><strong>licuit,</strong></span> <span class='ocrx_word' id='word_1_116' title='bbox 871 1877 911 1944; x_wconf 94' lang='lat' dir='ltr'><strong>de</strong></span> <span class='ocrx_word' id='word_1_117' title='bbox 925 1877 1163 1956; x_wconf 82' lang='lat' dir='ltr'><strong>Atheniensium</strong></span> <span class='ocrx_word' id='word_1_118' title='bbox 1178 1873 1319 1943; x_wconf 89' lang='lat' dir='ltr'><strong>artificiis</strong></span> <span class='ocrx_word' id='word_1_119' title='bbox 1335 1882 1368 1943; x_wconf 91' lang='grc'><strong>11</strong></span> <span class='ocrx_word' id='word_1_120' title='bbox 1382 1895 1439 1960; x_wconf 92' lang='lat' dir='ltr'><strong>per</strong></span> 
     </span>
     <span class='ocr_line' id='line_1_12' title="bbox 217 1987 1438 2072; baseline 0 -18"><span class='ocrx_word' id='word_1_121' title='bbox 217 1987 294 2054; x_wconf 90' lang='lat' dir='ltr'><strong>alios</strong></span> <span class='ocrx_word' id='word_1_122' title='bbox 316 1989 483 2070; x_wconf 83' lang='lat' dir='ltr'><strong>scriptores</strong></span> <span class='ocrx_word' id='word_1_123' title='bbox 506 1994 540 2054; x_wconf 93' lang='grc'><strong>11</strong></span> <span class='ocrx_word' id='word_1_124' title='bbox 560 1988 814 2072; x_wconf 87' lang='lat' dir='ltr'><strong>inscriptionibus</strong></span> <span class='ocrx_word' id='word_1_125' title='bbox 835 1990 968 2072; x_wconf 86' lang='lat' dir='ltr'><strong>repertis</strong></span> <span class='ocrx_word' id='word_1_126' title='bbox 991 1988 1108 2072; x_wconf 92' lang='lat' dir='ltr'><strong>optime</strong></span> <span class='ocrx_word' id='word_1_127' title='bbox 1130 1987 1235 2054; x_wconf 88' lang='lat' dir='ltr'><strong>edocti</strong></span> <span class='ocrx_word' id='word_1_128' title='bbox 1254 2007 1377 2055; x_wconf 90' lang='lat' dir='ltr'><strong>sumus:</strong></span> <span class='ocrx_word' id='word_1_129' title='bbox 1400 2008 1438 2055; x_wconf 86' lang='lat' dir='ltr'><strong>ex</strong></span> 
     </span>
     <span class='ocr_line' id='line_1_13' title="bbox 215 2099 1438 2184; baseline -0.001 -17"><span class='ocrx_word' id='word_1_130' title='bbox 215 2100 379 2183; x_wconf 87' lang='lat' dir='ltr'><strong>perpaucis</strong></span> <span class='ocrx_word' id='word_1_131' title='bbox 401 2100 463 2166; x_wconf 89' lang='lat' dir='ltr'><strong>illis</strong></span> <span class='ocrx_word' id='word_1_132' title='bbox 485 2099 659 2168; x_wconf 87' lang='lat' dir='ltr'><strong>artificibus</strong></span> <span class='ocrx_word' id='word_1_133' title='bbox 675 2099 775 2184; x_wconf 85' lang='lat' dir='ltr'>(XII),</span> <span class='ocrx_word' id='word_1_134' title='bbox 798 2101 854 2181; x_wconf 91' lang='lat' dir='ltr'><strong>qui·</strong></span> <span class='ocrx_word' id='word_1_135' title='bbox 875 2099 967 2166; x_wconf 92' lang='lat' dir='ltr'><strong>simul</strong></span> <span class='ocrx_word' id='word_1_136' title='bbox 989 2102 1022 2166; x_wconf 93' lang='lat' dir='ltr'><strong>in</strong></span> <span class='ocrx_word' id='word_1_137' title='bbox 1041 2100 1199 2168; x_wconf 81' lang='lat' dir='ltr'><strong>Pausania</strong></span> <span class='ocrx_word' id='word_1_138' title='bbox 1222 2106 1255 2167; x_wconf 89' lang='grc'><strong>11</strong></span> <span class='ocrx_word' id='word_1_139' title='bbox 1274 2101 1307 2166; x_wconf 90' lang='lat' dir='ltr'><strong>in</strong></span> <span class='ocrx_word' id='word_1_140' title='bbox 1329 2101 1438 2184; x_wconf 91' lang='lat' dir='ltr'><strong>lapidi-</strong></span> 
     </span>
     <span class='ocr_line' id='line_1_14' title="bbox 214 2192 1436 2296; baseline 0.002 -18"><span class='ocrx_word' id='word_1_141' title='bbox 214 2211 452 2294; x_wconf 65' lang='lat' dir='ltr'><strong>thelemacus,</strong></span> <span class='ocrx_word' id='word_1_142' title='bbox 475 2217 544 2278; x_wconf 85' lang='lat' dir='ltr'><strong>octo</strong></span> <span class='ocrx_word' id='word_1_143' title='bbox 567 2212 599 2277; x_wconf 91' lang='lat' dir='ltr'><strong>in</strong></span> <span class='ocrx_word' id='word_1_144' title='bbox 620 2213 721 2278; x_wconf 92' lang='lat' dir='ltr'><strong>titulis</strong></span> <span class='ocrx_word' id='word_1_145' title='bbox 738 2213 869 2279; x_wconf 88' lang='lat' dir='ltr'><strong>Athenis</strong></span> <span class='ocrx_word' id='word_1_146' title='bbox 891 2213 1024 2296; x_wconf 88' lang='lat' dir='ltr'><strong>repertis</strong></span> <span class='ocrx_word' id='word_1_147' title='bbox 1039 2217 1202 2295; x_wconf 90' lang='lat' dir='ltr'><strong>apparent.</strong></span> <span class='ocrx_word' id='word_1_148' title='bbox 1242 2192 1436 2296; x_wconf 71' lang='lat' dir='ltr'><strong>Quampuam</strong></span> 
     </span>
     <span class='ocr_line' id='line_1_15' title="bbox 214 2303 1437 2408; baseline 0.004 -20"><span class='ocrx_word' id='word_1_149' title='bbox 214 2341 329 2405; x_wconf 81' lang='lat' dir='ltr'><strong>negare</strong></span> <span class='ocrx_word' id='word_1_150' title='bbox 350 2341 413 2389; x_wconf 90' lang='lat' dir='ltr'><strong>non</strong></span> <span class='ocrx_word' id='word_1_151' title='bbox 434 2303 599 2407; x_wconf 88' lang='lat' dir='ltr'><strong>possumus</strong></span> <span class='ocrx_word' id='word_1_152' title='bbox 615 2323 803 2390; x_wconf 88' lang='lat' dir='ltr'><strong>Pausaniam</strong></span> <span class='ocrx_word' id='word_1_153' title='bbox 827 2324 954 2394; x_wconf 88' lang='lat' dir='ltr'><strong>ineunte</strong></span> <span class='ocrx_word' id='word_1_154' title='bbox 976 2342 1070 2406; x_wconf 91' lang='lat' dir='ltr'><strong>opere</strong></span> <span class='ocrx_word' id='word_1_155' title='bbox 1089 2341 1196 2390; x_wconf 90' lang='lat' dir='ltr'><strong>rerum</strong></span> <span class='ocrx_word' id='word_1_156' title='bbox 1211 2325 1300 2406; x_wconf 90' lang='lat' dir='ltr'><strong>copia</strong></span> <span class='ocrx_word' id='word_1_157' title='bbox 1313 2331 1437 2408; x_wconf 90' lang='lat' dir='ltr'><strong>pertur-</strong></span> 
     </span>
     <span class='ocr_line' id='line_1_16' title="bbox 213 2434 1435 2520; baseline 0.002 -18"><span class='ocrx_word' id='word_1_158' title='bbox 213 2435 321 2502; x_wconf 91' lang='lat' dir='ltr'><strong>batum</strong></span> <span class='ocrx_word' id='word_1_159' title='bbox 343 2434 442 2502; x_wconf 91' lang='lat' dir='ltr'><strong>multa</strong></span> <span class='ocrx_word' id='word_1_160' title='bbox 465 2437 566 2502; x_wconf 90' lang='lat' dir='ltr'><strong>minus</strong></span> <span class='ocrx_word' id='word_1_161' title='bbox 589 2441 662 2520; x_wconf 87' lang='lat' dir='ltr'><strong>apte</strong></span> <span class='ocrx_word' id='word_1_162' title='bbox 684 2455 849 2504; x_wconf 83' lang='lat' dir='ltr'><strong>enarrasse</strong></span> <span class='ocrx_word' id='word_1_163' title='bbox 871 2442 903 2503; x_wconf 92' lang='grc'><strong>11</strong></span> <span class='ocrx_word' id='word_1_164' title='bbox 924 2437 1113 2519; x_wconf 88' lang='lat' dir='ltr'><strong>disposuisse</strong></span> <span class='ocrx_word' id='word_1_165' title='bbox 1129 2454 1223 2518; x_wconf 90' lang='lat' dir='ltr'><strong>quam</strong></span> <span class='ocrx_word' id='word_1_166' title='bbox 1238 2438 1270 2502; x_wconf 96' lang='lat' dir='ltr'><strong>in</strong></span> <span class='ocrx_word' id='word_1_167' title='bbox 1285 2437 1373 2505; x_wconf 86' lang='lat' dir='ltr'><strong>libris</strong></span> <span class='ocrx_word' id='word_1_168' title='bbox 1389 2457 1435 2504; x_wconf 88' lang='lat' dir='ltr'><strong>se-</strong></span> 
     </span>
     <span class='ocr_line' id='line_1_17' title="bbox 213 2545 1436 2642; baseline 0.003 -30"><span class='ocrx_word' id='word_1_169' title='bbox 213 2547 408 2630; x_wconf 66' lang='lat' dir='ltr'><strong>quentibusi.</strong></span> <span class='ocrx_word' id='word_1_170' title='bbox 444 2545 502 2613; x_wconf 91' lang='lat' dir='ltr'><strong>Illa</strong></span> <span class='ocrx_word' id='word_1_171' title='bbox 524 2553 630 2615; x_wconf 91' lang='lat' dir='ltr'><strong>autem</strong></span> <span class='ocrx_word' id='word_1_172' title='bbox 652 2567 734 2632; x_wconf 91' lang='lat' dir='ltr'><strong>quae</strong></span> <span class='ocrx_word' id='word_1_173' title='bbox 755 2549 847 2615; x_wconf 94' lang='lat' dir='ltr'><strong>modo</strong></span> <span class='ocrx_word' id='word_1_174' title='bbox 869 2549 1187 2642; x_wconf 75' lang='lat' dir='ltr'><strong>attulimus‘intelhgi</strong></span> <span class='ocrx_word' id='word_1_175' title='bbox 1209 2568 1271 2616; x_wconf 94' lang='lat' dir='ltr'><strong>non</strong></span> <span class='ocrx_word' id='word_1_176' title='bbox 1293 2555 1436 2632; x_wconf 78' lang='lat' dir='ltr'><strong>possunt</strong></span> 
     </span>
     <span class='ocr_line' id='line_1_18' title="bbox 212 2658 1435 2744; baseline 0.004 -21"><span class='ocrx_word' id='word_1_177' title='bbox 212 2659 272 2724; x_wconf 94' lang='lat' dir='ltr'><strong>nisi</strong></span> <span class='ocrx_word' id='word_1_178' title='bbox 286 2658 473 2727; x_wconf 81' lang='lat' dir='ltr'><strong>Pausaniam</strong></span> <span class='ocrx_word' id='word_1_179' title='bbox 491 2660 524 2727; x_wconf 92' lang='lat' dir='ltr'><strong>in</strong></span> <span class='ocrx_word' id='word_1_180' title='bbox 544 2659 683 2727; x_wconf 81' lang='grc'><strong>1111111111</strong></span> <span class='ocrx_word' id='word_1_181' title='bbox 699 2660 849 2744; x_wconf 82' lang='lat' dir='ltr'><strong>eligendis</strong></span> <span class='ocrx_word' id='word_1_182' title='bbox 870 2665 902 2727; x_wconf 87' lang='lat' dir='ltr'><strong>et</strong></span> <span class='ocrx_word' id='word_1_183' title='bbox 917 2661 948 2726; x_wconf 91' lang='lat' dir='ltr'><strong>in</strong></span> <span class='ocrx_word' id='word_1_184' title='bbox 964 2679 1093 2744; x_wconf 90' lang='lat' dir='ltr'><strong>operum</strong></span> <span class='ocrx_word' id='word_1_185' title='bbox 1109 2661 1291 2728; x_wconf 88' lang='lat' dir='ltr'><strong>auctoribus</strong></span> <span class='ocrx_word' id='word_1_186' title='bbox 1306 2660 1435 2728; x_wconf 89' lang='lat' dir='ltr'><strong>afferen-</strong></span> 
     </span>
     <span class='ocr_line' id='line_1_19' title="bbox 212 2769 1435 2857; baseline 0.003 -22"><span class='ocrx_word' id='word_1_187' title='bbox 212 2769 260 2836; x_wconf 92' lang='lat' dir='ltr'><strong>dis</strong></span> <span class='ocrx_word' id='word_1_188' title='bbox 282 2773 383 2838; x_wconf 92' lang='lat' dir='ltr'><strong>totum</strong></span> <span class='ocrx_word' id='word_1_189' title='bbox 405 2790 440 2838; x_wconf 91' lang='lat' dir='ltr'><strong>se</strong></span> <span class='ocrx_word' id='word_1_190' title='bbox 462 2771 605 2840; x_wconf 86' lang='lat' dir='ltr'><strong>dedisse⁴</strong></span> <span class='ocrx_word' id='word_1_191' title='bbox 626 2773 665 2838; x_wconf 91' lang='lat' dir='ltr'><strong>iis</strong></span> <span class='ocrx_word' id='word_1_192' title='bbox 689 2773 889 2856; x_wconf 85' lang='lat' dir='ltr'><strong>putabimus,</strong></span> <span class='ocrx_word' id='word_1_193' title='bbox 917 2775 971 2857; x_wconf 91' lang='lat' dir='ltr'><strong>qui</strong></span> <span class='ocrx_word' id='word_1_194' title='bbox 999 2772 1125 2856; x_wconf 84' lang='lat' dir='ltr'><strong>singula</strong></span> <span class='ocrx_word' id='word_1_195' title='bbox 1153 2774 1182 2839; x_wconf 89' lang='lat' dir='ltr'><strong>ei</strong></span> <span class='ocrx_word' id='word_1_196' title='bbox 1210 2775 1435 2850; x_wconf 79' lang='lat' dir='ltr'><strong>monstrabant,</strong></span> 
     </span>
     <span class='ocr_line' id='line_1_20' title="bbox 212 2881 1431 2968; baseline 0.002 -20"><span class='ocrx_word' id='word_1_197' title='bbox 212 2881 359 2964; x_wconf 75' lang='lat' dir='ltr'><strong>exegetis.</strong></span> <span class='ocrx_word' id='word_1_198' title='bbox 404 2881 502 2968; x_wconf 75' lang='lat' dir='ltr'><strong>cnjus</strong></span> <span class='ocrx_word' id='word_1_199' title='bbox 524 2885 569 2950; x_wconf 91' lang='lat' dir='ltr'><strong>rei</strong></span> <span class='ocrx_word' id='word_1_200' title='bbox 590 2885 769 2952; x_wconf 90' lang='lat' dir='ltr'><strong>testimonia</strong></span> <span class='ocrx_word' id='word_1_201' title='bbox 790 2884 885 2952; x_wconf 90' lang='lat' dir='ltr'><strong>etiam</strong></span> <span class='ocrx_word' id='word_1_202' title='bbox 905 2885 984 2952; x_wconf 87' lang='lat' dir='ltr'><strong>haec</strong></span> <span class='ocrx_word' id='word_1_203' title='bbox 1005 2890 1095 2952; x_wconf 90' lang='lat' dir='ltr'><strong>sunt:</strong></span> <span class='ocrx_word' id='word_1_204' title='bbox 1122 2885 1289 2953; x_wconf 86' lang='lat' dir='ltr'><strong>Praxitelis</strong></span> <span class='ocrx_word' id='word_1_205' title='bbox 1315 2887 1431 2953; x_wconf 91' lang='lat' dir='ltr'><strong>mentio</strong></span> 
     </span>
     <span class='ocr_line' id='line_1_21' title="bbox 212 2994 1436 3081; baseline 0.002 -19"><span class='ocrx_word' id='word_1_206' title='bbox 212 3011 283 3062; x_wconf 90' lang='lat' dir='ltr'><strong>cnm</strong></span> <span class='ocrx_word' id='word_1_207' title='bbox 304 2994 378 3062; x_wconf 92' lang='lat' dir='ltr'><strong>libb.</strong></span> <span class='ocrx_word' id='word_1_208' title='bbox 401 2995 433 3076; x_wconf 91' lang='grc' dir='ltr'><strong>Ι,</strong></span> <span class='ocrx_word' id='word_1_209' title='bbox 456 2996 503 3077; x_wconf 90' lang='grc' dir='ltr'><strong>ΙΙ,</strong></span> <span class='ocrx_word' id='word_1_210' title='bbox 526 2997 565 3079; x_wconf 87' lang='lat' dir='ltr'><strong>V,</strong></span> <span class='ocrx_word' id='word_1_211' title='bbox 587 2995 634 3062; x_wconf 87' lang='lat' dir='ltr'><strong>VI</strong></span> <span class='ocrx_word' id='word_1_212' title='bbox 658 2998 725 3079; x_wconf 89' lang='lat' dir='ltr'><strong>jam</strong></span> <span class='ocrx_word' id='word_1_213' title='bbox 749 2996 837 3064; x_wconf 84' lang='lat' dir='ltr'><strong>iacta</strong></span> <span class='ocrx_word' id='word_1_214' title='bbox 863 3001 960 3079; x_wconf 87' lang='lat' dir='ltr'><strong>esset,</strong></span> <span class='ocrx_word' id='word_1_215' title='bbox 990 2997 1114 3064; x_wconf 88' lang='lat' dir='ltr'><strong>demum</strong></span> <span class='ocrx_word' id='word_1_216' title='bbox 1139 2999 1233 3079; x_wconf 84' lang='lat' dir='ltr'><strong>VIII,</strong></span> <span class='ocrx_word' id='word_1_217' title='bbox 1260 2999 1297 3075; x_wconf 82' lang='lat'><strong>9,</strong></span> <span class='ocrx_word' id='word_1_218' title='bbox 1321 3001 1336 3062; x_wconf 89' lang='grc'><strong>1</strong></span> <span class='ocrx_word' id='word_1_219' title='bbox 1368 2999 1436 3081; x_wconf 90' lang='lat' dir='ltr'><strong>ejus</strong></span> 
     </span>
     <span class='ocr_line' id='line_1_22' title="bbox 210 3106 1434 3198; baseline -0.001 -25"><span class='ocrx_word' id='word_1_220' title='bbox 210 3111 298 3173; x_wconf 75' lang='lat' dir='ltr'><strong>aetas</strong></span> <span class='ocrx_word' id='word_1_221' title='bbox 331 3107 376 3173; x_wconf 81' lang='lat' dir='ltr'><strong>ita</strong></span> <span class='ocrx_word' id='word_1_222' title='bbox 408 3106 556 3174; x_wconf 76' lang='lat' dir='ltr'><strong>raissius:</strong></span> <span class='ocrx_word' id='word_1_223' title='bbox 585 3106 778 3197; x_wconf 74' lang='grc' dir='ltr'><em>Πραξιτέλης</em></span> <span class='ocrx_word' id='word_1_224' title='bbox 809 3107 846 3173; x_wconf 80' lang='grc' dir='ltr'><strong>δὲ</strong></span> <span class='ocrx_word' id='word_1_225' title='bbox 879 3108 917 3172; x_wconf 88' lang='grc' dir='ltr'><strong>τὰ</strong></span> <span class='ocrx_word' id='word_1_226' title='bbox 950 3108 1113 3193; x_wconf 76' lang='grc' dir='ltr'><em>ἀγάλματα</em></span> <span class='ocrx_word' id='word_1_227' title='bbox 1147 3110 1313 3197; x_wconf 69' lang='grc' dir='ltr'><em>είρηοίσατο</em></span> <span class='ocrx_word' id='word_1_228' title='bbox 1348 3108 1434 3198; x_wconf 80' lang='grc' dir='ltr'><em>τρίτῃ</em></span> 
     </span>
     <span class='ocr_line' id='line_1_23' title="bbox 206 3213 1436 3308; baseline 0.008 -28"><span class='ocrx_word' id='word_1_229' title='bbox 206 3217 289 3302; x_wconf 80' lang='grc' dir='ltr'><strong><em>μετὰ</em></strong></span> <span class='ocrx_word' id='word_1_230' title='bbox 309 3213 490 3307; x_wconf 71' lang='grc' dir='ltr'><em>Ἀλκαμένην</em></span> <span class='ocrx_word' id='word_1_231' title='bbox 513 3216 645 3306; x_wconf 81' lang='grc' dir='ltr'><em>ὕστερον</em></span> <span class='ocrx_word' id='word_1_232' title='bbox 667 3227 777 3308; x_wconf 67' lang='lat' dir='ltr'><strong>resep,</strong></span> <span class='ocrx_word' id='word_1_233' title='bbox 806 3220 891 3301; x_wconf 91' lang='lat' dir='ltr'><strong>quod</strong></span> <span class='ocrx_word' id='word_1_234' title='bbox 913 3227 1061 3303; x_wconf 80' lang='lat' dir='ltr'><strong>erogatae</strong></span> <span class='ocrx_word' id='word_1_235' title='bbox 1083 3239 1160 3288; x_wconf 90' lang='lat' dir='ltr'><strong>sane</strong></span> <span class='ocrx_word' id='word_1_236' title='bbox 1188 3221 1258 3288; x_wconf 86' lang='lat' dir='ltr'><strong>ideo</strong></span> <span class='ocrx_word' id='word_1_237' title='bbox 1287 3241 1436 3290; x_wconf 89' lang='lat' dir='ltr'><strong>enarrare</strong></span> 
     </span>
     <span class='ocr_line' id='line_1_24' title="bbox 209 3328 1434 3413; baseline 0.002 -19"><span class='ocrx_word' id='word_1_238' title='bbox 209 3328 360 3411; x_wconf 76' lang='lat' dir='ltr'><strong>solebant</strong></span> <span class='ocrx_word' id='word_1_239' title='bbox 382 3330 457 3410; x_wconf 85' lang='lat' dir='ltr'><strong>qnia</strong></span> <span class='ocrx_word' id='word_1_240' title='bbox 479 3329 588 3397; x_wconf 92' lang='lat' dir='ltr'><strong>eodem</strong></span> <span class='ocrx_word' id='word_1_241' title='bbox 612 3331 679 3398; x_wconf 89' lang='lat' dir='ltr'><strong>loeo</strong></span> <span class='ocrx_word' id='word_1_242' title='bbox 702 3336 735 3397; x_wconf 91' lang='grc'><strong>11</strong></span> <span class='ocrx_word' id='word_1_243' title='bbox 749 3331 925 3398; x_wconf 87' lang='lat' dir='ltr'><strong>Alcamenis</strong></span> <span class='ocrx_word' id='word_1_244' title='bbox 941 3331 1148 3413; x_wconf 88' lang='lat' dir='ltr'><strong>Aesculapius</strong></span> <span class='ocrx_word' id='word_1_245' title='bbox 1171 3331 1332 3399; x_wconf 89' lang='lat' dir='ltr'><strong>dedicatus</strong></span> <span class='ocrx_word' id='word_1_246' title='bbox 1355 3340 1434 3401; x_wconf 87' lang='lat' dir='ltr'><strong>arat.</strong></span> 
     </span>
     <span class='ocr_line' id='line_1_25' title="bbox 210 3439 1432 3534; baseline 0.001 -26"><span class='ocrx_word' id='word_1_247' title='bbox 210 3439 360 3508; x_wconf 87' lang='lat' dir='ltr'><strong>Similiter</strong></span> <span class='ocrx_word' id='word_1_248' title='bbox 379 3440 533 3524; x_wconf 87' lang='lat' dir='ltr'><strong>judicium</strong></span> <span class='ocrx_word' id='word_1_249' title='bbox 556 3441 595 3508; x_wconf 89' lang='lat' dir='ltr'><strong>de</strong></span> <span class='ocrx_word' id='word_1_250' title='bbox 611 3441 797 3534; x_wconf 85' lang='lat' dir='ltr'><strong>Alcamenis</strong></span> <span class='ocrx_word' id='word_1_251' title='bbox 808 3447 886 3524; x_wconf 87' lang='lat' dir='ltr'><strong>arte,</strong></span> <span class='ocrx_word' id='word_1_252' title='bbox 908 3460 1002 3524; x_wconf 85' lang='lat' dir='ltr'><strong>quem</strong></span> <span class='ocrx_word' id='word_1_253' title='bbox 1014 3447 1079 3527; x_wconf 86' lang='lat' dir='ltr'><strong>jam</strong></span> <span class='ocrx_word' id='word_1_254' title='bbox 1093 3445 1119 3525; x_wconf 90' lang='lat'><strong>1,</strong></span> <span class='ocrx_word' id='word_1_255' title='bbox 1138 3446 1167 3524; x_wconf 86' lang='lat'><strong>1,</strong></span> <span class='ocrx_word' id='word_1_256' title='bbox 1183 3445 1212 3508; x_wconf 89' lang='lat'><strong>5.</strong></span> <span class='ocrx_word' id='word_1_257' title='bbox 1237 3444 1267 3526; x_wconf 83' lang='lat'><strong>8,</strong></span> <span class='ocrx_word' id='word_1_258' title='bbox 1283 3445 1313 3508; x_wconf 84' lang='lat'><strong>4.</strong></span> <span class='ocrx_word' id='word_1_259' title='bbox 1338 3446 1388 3527; x_wconf 90' lang='lat'><strong>19,</strong></span> <span class='ocrx_word' id='word_1_260' title='bbox 1403 3446 1432 3509; x_wconf 83' lang='lat'><strong>2.</strong></span> 
     </span>
     <span class='ocr_line' id='line_1_26' title="bbox 208 3551 1433 3636; baseline 0.004 -20"><span class='ocrx_word' id='word_1_261' title='bbox 208 3551 260 3629; x_wconf 92' lang='grc'><strong>20,</strong></span> <span class='ocrx_word' id='word_1_262' title='bbox 275 3552 305 3617; x_wconf 90' lang='grc'><strong>3.</strong></span> <span class='ocrx_word' id='word_1_263' title='bbox 328 3552 371 3628; x_wconf 90' lang='lat' dir='ltr'><strong>II,</strong></span> <span class='ocrx_word' id='word_1_264' title='bbox 386 3551 437 3634; x_wconf 87' lang='lat'><strong>30,</strong></span> <span class='ocrx_word' id='word_1_265' title='bbox 454 3553 472 3616; x_wconf 90' lang='grc'><strong>2</strong></span> <span class='ocrx_word' id='word_1_266' title='bbox 495 3554 676 3622; x_wconf 88' lang='lat' dir='ltr'><strong>Pausanias</strong></span> <span class='ocrx_word' id='word_1_267' title='bbox 698 3559 935 3635; x_wconf 86' lang='lat' dir='ltr'><strong>memoraverat,</strong></span> <span class='ocrx_word' id='word_1_268' title='bbox 959 3555 1083 3622; x_wconf 92' lang='lat' dir='ltr'><strong>demum</strong></span> <span class='ocrx_word' id='word_1_269' title='bbox 1095 3555 1133 3636; x_wconf 90' lang='lat' dir='ltr'><strong>V,</strong></span> <span class='ocrx_word' id='word_1_270' title='bbox 1150 3555 1200 3631; x_wconf 95' lang='grc'><strong>10,</strong></span> <span class='ocrx_word' id='word_1_271' title='bbox 1217 3557 1233 3617; x_wconf 92' lang='grc'><strong>1</strong></span> <span class='ocrx_word' id='word_1_272' title='bbox 1258 3556 1356 3622; x_wconf 87' lang='lat' dir='ltr'><strong>latum</strong></span> <span class='ocrx_word' id='word_1_273' title='bbox 1371 3563 1433 3622; x_wconf 85' lang='lat' dir='ltr'><strong>est:</strong></span> 
     </span>
     <span class='ocr_line' id='line_1_27' title="bbox 204 3660 1433 3756; baseline 0.002 -28"><span class='ocrx_word' id='word_1_274' title='bbox 204 3660 404 3752; x_wconf 72' lang='grc' dir='ltr'><em>Ἀλκαμένους</em></span> <span class='ocrx_word' id='word_1_275' title='bbox 433 3665 550 3753; x_wconf 79' lang='grc' dir='ltr'><em>ἀνδρὸς</em></span> <span class='ocrx_word' id='word_1_276' title='bbox 577 3666 692 3756; x_wconf 67' lang='grc' dir='ltr'><em>ἡλικίαν</em></span> <span class='ocrx_word' id='word_1_277' title='bbox 721 3691 755 3733; x_wconf 96' lang='grc' dir='ltr'><strong>τε</strong></span> <span class='ocrx_word' id='word_1_278' title='bbox 784 3667 862 3732; x_wconf 85' lang='grc' dir='ltr'><em>κατὰ</em></span> <span class='ocrx_word' id='word_1_279' title='bbox 891 3665 1014 3733; x_wconf 77' lang='grc' dir='ltr'><em>Φειδίαν</em></span> <span class='ocrx_word' id='word_1_280' title='bbox 1044 3667 1092 3730; x_wconf 77' lang='grc' dir='ltr'><em>καί</em></span> <span class='ocrx_word' id='word_1_281' title='bbox 1118 3665 1282 3753; x_wconf 79' lang='grc' dir='ltr'><em>δευτερεῖα</em></span> <span class='ocrx_word' id='word_1_282' title='bbox 1312 3666 1433 3750; x_wconf 69' lang='grc' dir='ltr'><em>ἐνεγκα-</em></span> 
     </span>
     <span class='ocr_line' id='line_1_28' title="bbox 204 3776 1432 3868; baseline 0.004 -26"><span class='ocrx_word' id='word_1_283' title='bbox 204 3776 301 3861; x_wconf 82' lang='grc' dir='ltr'><em>μένου</em></span> <span class='ocrx_word' id='word_1_284' title='bbox 323 3778 504 3864; x_wconf 67' lang='lat' dir='ltr'><strong>desolaret&lt;</strong></span> <span class='ocrx_word' id='word_1_285' title='bbox 525 3779 643 3868; x_wconf 84' lang='grc' dir='ltr'><em>ποίησιν</em></span> <span class='ocrx_word' id='word_1_286' title='bbox 666 3780 866 3866; x_wconf 76' lang='grc' dir='ltr'><em>ἀγαλμάτιοντ</em></span> <span class='ocrx_word' id='word_1_287' title='bbox 901 3799 1013 3863; x_wconf 84' lang='lat' dir='ltr'><strong>nempe</strong></span> <span class='ocrx_word' id='word_1_288' title='bbox 1037 3780 1262 3864; x_wconf 81' lang='lat' dir='ltr'><strong>comparabant</strong></span> <span class='ocrx_word' id='word_1_289' title='bbox 1284 3785 1432 3864; x_wconf 81' lang='lat' dir='ltr'><strong>exegetas</strong></span> 
     </span>
    </p>
   </div>
   <div class='ocr_carea' id='block_1_2' title="bbox 207 3889 1432 3976">
    <p class='ocr_par' dir='ltr' id='par_1_2' title="bbox 207 3889 1432 3976">
     <span class='ocr_line' id='line_1_29' title="bbox 207 3889 1432 3976; baseline 0.001 -20"><span class='ocrx_word' id='word_1_290' title='bbox 207 3889 339 3957; x_wconf 88' lang='lat' dir='ltr'><strong>duorum</strong></span> <span class='ocrx_word' id='word_1_291' title='bbox 361 3889 485 3958; x_wconf 87' lang='lat' dir='ltr'><strong>illorum</strong></span> <span class='ocrx_word' id='word_1_292' title='bbox 507 3890 661 3960; x_wconf 89' lang='lat' dir='ltr'><strong>artificum</strong></span> <span class='ocrx_word' id='word_1_293' title='bbox 683 3898 825 3975; x_wconf 87' lang='lat' dir='ltr'><strong>tempora</strong></span> <span class='ocrx_word' id='word_1_294' title='bbox 848 3897 880 3960; x_wconf 91' lang='lat' dir='ltr'><strong>et</strong></span> <span class='ocrx_word' id='word_1_295' title='bbox 901 3893 1051 3974; x_wconf 89' lang='lat' dir='ltr'><strong>virtutes,</strong></span> <span class='ocrx_word' id='word_1_296' title='bbox 1084 3891 1260 3960; x_wconf 90' lang='lat' dir='ltr'><strong>cumidem</strong></span> <span class='ocrx_word' id='word_1_297' title='bbox 1282 3892 1432 3976; x_wconf 90' lang='lat' dir='ltr'><strong>templum</strong></span> 
     </span>
    </p>
   </div>
   <div class='ocr_carea' id='block_1_3' title="bbox 204 4113 1430 4876">
    <p class='ocr_par' dir='ltr' id='par_1_3' title="bbox 205 4113 1430 4356">
     <span class='ocr_line' id='line_1_30' title="bbox 263 4113 1430 4184; baseline 0.001 -17"><span class='ocrx_word' id='word_1_298' title='bbox 263 4115 339 4183; x_wconf 77' lang='lat' dir='ltr'><strong>¹qna</strong></span> <span class='ocrx_word' id='word_1_299' title='bbox 356 4131 383 4167; x_wconf 86' lang='lat' dir='ltr'><strong>re</strong></span> <span class='ocrx_word' id='word_1_300' title='bbox 399 4113 531 4184; x_wconf 72' lang='lat' dir='ltr'><strong>Briagerus</strong></span> <span class='ocrx_word' id='word_1_301' title='bbox 547 4115 565 4169; x_wconf 90' lang='lat'><strong>1.</strong></span> <span class='ocrx_word' id='word_1_302' title='bbox 582 4115 600 4170; x_wconf 84' lang='lat' dir='ltr'><strong>l.</strong></span> <span class='ocrx_word' id='word_1_303' title='bbox 617 4133 643 4184; x_wconf 87' lang='lat' dir='ltr'><strong>p.</strong></span> <span class='ocrx_word' id='word_1_304' title='bbox 654 4117 688 4172; x_wconf 78' lang='grc'><strong>56</strong></span> <span class='ocrx_word' id='word_1_305' title='bbox 705 4115 817 4169; x_wconf 84' lang='lat' dir='ltr'><strong>Plinium</strong></span> <span class='ocrx_word' id='word_1_306' title='bbox 837 4115 903 4168; x_wconf 87' lang='lat' dir='ltr'><strong>illud</strong></span> <span class='ocrx_word' id='word_1_307' title='bbox 920 4133 951 4168; x_wconf 85' lang='lat' dir='ltr'><strong>ex</strong></span> <span class='ocrx_word' id='word_1_308' title='bbox 968 4116 1090 4184; x_wconf 72' lang='lat' dir='ltr'><strong>catalogis</strong></span> <span class='ocrx_word' id='word_1_309' title='bbox 1108 4115 1232 4168; x_wconf 84' lang='lat' dir='ltr'><strong>Romanis</strong></span> <span class='ocrx_word' id='word_1_310' title='bbox 1249 4115 1364 4169; x_wconf 83' lang='lat' dir='ltr'><strong>hausisse</strong></span> <span class='ocrx_word' id='word_1_311' title='bbox 1381 4118 1430 4169; x_wconf 87' lang='lat' dir='ltr'><strong>im-</strong></span> 
     </span>
     <span class='ocr_line' id='line_1_31' title="bbox 205 4200 1430 4271; baseline 0 -15"><span class='ocrx_word' id='word_1_312' title='bbox 205 4201 293 4256; x_wconf 85' lang='lat' dir='ltr'><strong>merito</strong></span> <span class='ocrx_word' id='word_1_313' title='bbox 310 4201 452 4270; x_wconf 81' lang='lat' dir='ltr'><strong>auspicatus</strong></span> <span class='ocrx_word' id='word_1_314' title='bbox 469 4211 515 4254; x_wconf 83' lang='lat' dir='ltr'><strong>est</strong></span> <span class='ocrx_word' id='word_1_315' title='bbox 550 4200 627 4262; x_wconf 86' lang='lat' dir='ltr'><strong>Quod</strong></span> <span class='ocrx_word' id='word_1_316' title='bbox 644 4202 766 4271; x_wconf 72' lang='lat' dir='ltr'><strong>gravioris</strong></span> <span class='ocrx_word' id='word_1_317' title='bbox 785 4209 824 4254; x_wconf 87' lang='grc'><strong>111</strong></span> <span class='ocrx_word' id='word_1_318' title='bbox 841 4203 961 4256; x_wconf 87' lang='lat' dir='ltr'><strong>momenti</strong></span> <span class='ocrx_word' id='word_1_319' title='bbox 966 4221 974 4263; x_wconf 89' lang='lat'>;</span> <span class='ocrx_word' id='word_1_320' title='bbox 993 4219 1043 4254; x_wconf 87' lang='lat' dir='ltr'><strong>non</strong></span> <span class='ocrx_word' id='word_1_321' title='bbox 1057 4202 1143 4255; x_wconf 84' lang='lat' dir='ltr'><strong>omnia</strong></span> <span class='ocrx_word' id='word_1_322' title='bbox 1157 4203 1223 4255; x_wconf 84' lang='lat' dir='ltr'><strong>caim</strong></span> <span class='ocrx_word' id='word_1_323' title='bbox 1235 4201 1348 4266; x_wconf 86' lang='lat' dir='ltr'><strong>artificis,</strong></span> <span class='ocrx_word' id='word_1_324' title='bbox 1367 4221 1430 4270; x_wconf 82' lang='lat' dir='ltr'><strong>qnae</strong></span> 
     </span>
     <span class='ocr_line' id='line_1_32' title="bbox 206 4271 1428 4356; baseline -0.001 -15"><span class='ocrx_word' id='word_1_325' title='bbox 206 4287 335 4354; x_wconf 67' lang='lat' dir='ltr'><strong>¹‚laudarit</strong></span> <span class='ocrx_word' id='word_1_326' title='bbox 348 4288 387 4340; x_wconf 84' lang='lat' dir='ltr'><strong>sel</strong></span> <span class='ocrx_word' id='word_1_327' title='bbox 402 4288 526 4352; x_wconf 80' lang='lat' dir='ltr'><strong>„censori“</strong></span> <span class='ocrx_word' id='word_1_328' title='bbox 535 4271 637 4340; x_wconf 74' lang='lat' dir='ltr'><strong>&#39;Pthius</strong></span> <span class='ocrx_word' id='word_1_329' title='bbox 649 4288 734 4350; x_wconf 89' lang='lat' dir='ltr'><strong>tradit,</strong></span> <span class='ocrx_word' id='word_1_330' title='bbox 752 4306 783 4341; x_wconf 87' lang='lat' dir='ltr'><strong>ex</strong></span> <span class='ocrx_word' id='word_1_331' title='bbox 794 4289 922 4356; x_wconf 72' lang='lat' dir='ltr'><strong>catalogis,</strong></span> <span class='ocrx_word' id='word_1_332' title='bbox 944 4289 966 4341; x_wconf 89' lang='lat' dir='ltr'><strong>si</strong></span> <span class='ocrx_word' id='word_1_333' title='bbox 978 4288 1078 4356; x_wconf 87' lang='lat' dir='ltr'><strong>quidem</strong></span> <span class='ocrx_word' id='word_1_334' title='bbox 1090 4289 1199 4351; x_wconf 78' lang='grc'><strong>1111111,</strong></span> <span class='ocrx_word' id='word_1_335' title='bbox 1218 4288 1295 4356; x_wconf 84' lang='lat' dir='ltr'><strong>potita</strong></span> <span class='ocrx_word' id='word_1_336' title='bbox 1306 4289 1428 4341; x_wconf 85' lang='lat' dir='ltr'><strong>sidentur.</strong></span> 
     </span>
    </p>

    <p class='ocr_par' dir='ltr' id='par_1_4' title="bbox 204 4373 1429 4530">
     <span class='ocr_line' id='line_1_33' title="bbox 261 4373 1429 4444; baseline 0.004 -18"><span class='ocrx_word' id='word_1_337' title='bbox 261 4373 391 4428; x_wconf 75' lang='lat' dir='ltr'><strong>¹iortssss</strong></span> <span class='ocrx_word' id='word_1_338' title='bbox 408 4374 476 4427; x_wconf 86' lang='lat' dir='ltr'><strong>enim</strong></span> <span class='ocrx_word' id='word_1_339' title='bbox 493 4375 549 4442; x_wconf 87' lang='lat' dir='ltr'><strong>sjns</strong></span> <span class='ocrx_word' id='word_1_340' title='bbox 567 4374 699 4443; x_wconf 83' lang='lat' dir='ltr'><strong>inscriptio</strong></span> <span class='ocrx_word' id='word_1_341' title='bbox 719 4377 751 4431; x_wconf 90' lang='grc'><strong>16</strong></span> <span class='ocrx_word' id='word_1_342' title='bbox 769 4391 819 4428; x_wconf 86' lang='lat' dir='ltr'><strong>non</strong></span> <span class='ocrx_word' id='word_1_343' title='bbox 837 4375 870 4427; x_wconf 89' lang='lat' dir='ltr'><strong>ad</strong></span> <span class='ocrx_word' id='word_1_344' title='bbox 886 4375 1025 4444; x_wconf 83' lang='lat' dir='ltr'><strong>Diitrephis</strong></span> <span class='ocrx_word' id='word_1_345' title='bbox 1043 4383 1151 4429; x_wconf 87' lang='lat' dir='ltr'><strong>statuam</strong></span> <span class='ocrx_word' id='word_1_346' title='bbox 1169 4375 1288 4443; x_wconf 83' lang='lat' dir='ltr'><strong>(Pansam.</strong></span> <span class='ocrx_word' id='word_1_347' title='bbox 1304 4375 1326 4438; x_wconf 89' lang='grc' dir='ltr'><strong>Ι,</strong></span> <span class='ocrx_word' id='word_1_348' title='bbox 1343 4375 1385 4438; x_wconf 83' lang='grc'><strong>23,</strong></span> <span class='ocrx_word' id='word_1_349' title='bbox 1401 4375 1429 4442; x_wconf 83' lang='grc'><strong>3)</strong></span> 
     </span>
     <span class='ocr_line' id='line_1_34' title="bbox 204 4461 318 4530; baseline 0.009 -14"><span class='ocrx_word' id='word_1_350' title='bbox 204 4461 318 4530; x_wconf 84' lang='lat' dir='ltr'><strong>partinet.</strong></span> 
     </span>
    </p>

    <p class='ocr_par' dir='ltr' id='par_1_5' title="bbox 204 4547 1427 4704">
     <span class='ocr_line' id='line_1_35' title="bbox 260 4547 1427 4617; baseline 0.001 -16"><span class='ocrx_word' id='word_1_351' title='bbox 260 4547 316 4601; x_wconf 81' lang='lat' dir='ltr'><strong>³n.</strong></span> <span class='ocrx_word' id='word_1_352' title='bbox 335 4547 451 4603; x_wconf 82' lang='lat' dir='ltr'><strong>Curtius:</strong></span> <span class='ocrx_word' id='word_1_353' title='bbox 472 4547 670 4617; x_wconf 83' lang='lat' dir='ltr'><strong>Peloponnesus.</strong></span> <span class='ocrx_word' id='word_1_354' title='bbox 698 4550 711 4601; x_wconf 91' lang='lat'>1</span> <span class='ocrx_word' id='word_1_355' title='bbox 728 4567 753 4616; x_wconf 88' lang='lat' dir='ltr'><strong>p.</strong></span> <span class='ocrx_word' id='word_1_356' title='bbox 767 4549 816 4606; x_wconf 82' lang='grc'><strong>142</strong></span> <span class='ocrx_word' id='word_1_357' title='bbox 834 4555 885 4601; x_wconf 86' lang='lat' dir='ltr'><strong>not.</strong></span> <span class='ocrx_word' id='word_1_358' title='bbox 899 4549 940 4605; x_wconf 89' lang='lat'><strong>10.</strong></span> <span class='ocrx_word' id='word_1_359' title='bbox 968 4577 1001 4590; x_wconf 92' lang='lat'>-</span> <span class='ocrx_word' id='word_1_360' title='bbox 1025 4548 1083 4602; x_wconf 77' lang='lat' dir='ltr'><strong>(ihr.</strong></span> <span class='ocrx_word' id='word_1_361' title='bbox 1102 4547 1227 4602; x_wconf 82' lang='lat' dir='ltr'><strong>Schubsrt</strong></span> <span class='ocrx_word' id='word_1_362' title='bbox 1248 4547 1275 4599; x_wconf 90' lang='lat' dir='ltr'><strong>in</strong></span> <span class='ocrx_word' id='word_1_363' title='bbox 1298 4563 1427 4602; x_wconf 83' lang='lat' dir='ltr'><strong>comman-</strong></span> 
     </span>
     <span class='ocr_line' id='line_1_36' title="bbox 204 4634 1425 4704; baseline -0.004 -15"><span class='ocrx_word' id='word_1_364' title='bbox 204 4635 296 4689; x_wconf 85' lang='lat' dir='ltr'><strong>tstione</strong></span> <span class='ocrx_word' id='word_1_365' title='bbox 314 4635 346 4688; x_wconf 85' lang='lat' dir='ltr'><strong>ds</strong></span> <span class='ocrx_word' id='word_1_366' title='bbox 363 4634 500 4696; x_wconf 85' lang='lat' dir='ltr'><strong>Pausania,</strong></span> <span class='ocrx_word' id='word_1_367' title='bbox 519 4651 585 4702; x_wconf 85' lang='lat' dir='ltr'><strong>quae</strong></span> <span class='ocrx_word' id='word_1_368' title='bbox 596 4635 740 4688; x_wconf 84' lang='lat' dir='ltr'><strong>Pausaniae</strong></span> <span class='ocrx_word' id='word_1_369' title='bbox 757 4635 784 4688; x_wconf 86' lang='lat' dir='ltr'><strong>iu</strong></span> <span class='ocrx_word' id='word_1_370' title='bbox 797 4635 879 4687; x_wconf 82' lang='lat' dir='ltr'><strong>Germ.</strong></span> <span class='ocrx_word' id='word_1_371' title='bbox 899 4634 1011 4704; x_wconf 74' lang='lat' dir='ltr'><strong>lingnam</strong></span> <span class='ocrx_word' id='word_1_372' title='bbox 1029 4635 1152 4688; x_wconf 87' lang='lat' dir='ltr'><strong>translato</strong></span> <span class='ocrx_word' id='word_1_373' title='bbox 1171 4635 1289 4703; x_wconf 86' lang='lat' dir='ltr'><strong>adjuncta</strong></span> <span class='ocrx_word' id='word_1_374' title='bbox 1301 4643 1348 4700; x_wconf 77' lang='lat' dir='ltr'><strong>est,</strong></span> <span class='ocrx_word' id='word_1_375' title='bbox 1366 4653 1391 4704; x_wconf 92' lang='lat' dir='ltr'><strong>p.</strong></span> <span class='ocrx_word' id='word_1_376' title='bbox 1402 4637 1425 4690; x_wconf 87' lang='lat'><strong>9.</strong></span> 
     </span>
    </p>

    <p class='ocr_par' dir='ltr' id='par_1_6' title="bbox 204 4720 1426 4876">
     <span class='ocr_line' id='line_1_37' title="bbox 258 4720 1426 4790; baseline -0.004 -14"><span class='ocrx_word' id='word_1_377' title='bbox 258 4722 315 4776; x_wconf 72' lang='grc'><strong>411.</strong></span> <span class='ocrx_word' id='word_1_378' title='bbox 334 4722 365 4775; x_wconf 83' lang='grc'><strong>11.</strong></span> <span class='ocrx_word' id='word_1_379' title='bbox 383 4721 496 4775; x_wconf 75' lang='lat' dir='ltr'><strong>Curtius:</strong></span> <span class='ocrx_word' id='word_1_380' title='bbox 517 4723 565 4776; x_wconf 83' lang='lat' dir='ltr'><strong>vn</strong></span> <span class='ocrx_word' id='word_1_381' title='bbox 583 4723 738 4774; x_wconf 70' lang='grc'><strong>1111111111·</strong></span> <span class='ocrx_word' id='word_1_382' title='bbox 756 4721 865 4790; x_wconf 73' lang='lat' dir='ltr'><strong>Topogr.</strong></span> <span class='ocrx_word' id='word_1_383' title='bbox 890 4739 913 4775; x_wconf 88' lang='lat' dir='ltr'><strong>s.</strong></span> <span class='ocrx_word' id='word_1_384' title='bbox 930 4721 1023 4775; x_wconf 83' lang='lat' dir='ltr'><strong>Athen.</strong></span> <span class='ocrx_word' id='word_1_385' title='bbox 1055 4739 1079 4790; x_wconf 91' lang='lat' dir='ltr'><strong>p.</strong></span> <span class='ocrx_word' id='word_1_386' title='bbox 1096 4721 1130 4779; x_wconf 78' lang='grc'><strong>48</strong></span> <span class='ocrx_word' id='word_1_387' title='bbox 1154 4739 1192 4787; x_wconf 76' lang='lat' dir='ltr'><strong>sq.</strong></span> <span class='ocrx_word' id='word_1_388' title='bbox 1216 4747 1249 4761; x_wconf 92' lang='lat'><strong>-·</strong></span> <span class='ocrx_word' id='word_1_389' title='bbox 1272 4720 1301 4772; x_wconf 81' lang='grc'><strong>0.</strong></span> <span class='ocrx_word' id='word_1_390' title='bbox 1319 4720 1426 4774; x_wconf 81' lang='lat' dir='ltr'><strong>Wssbs·</strong></span> 
     </span>
     <span class='ocr_line' id='line_1_38' title="bbox 204 4796 902 4876; baseline 0 -14"><span class='ocrx_word' id='word_1_391' title='bbox 204 4809 281 4863; x_wconf 81' lang='lat' dir='ltr'><strong>math.</strong></span> <span class='ocrx_word' id='word_1_392' title='bbox 299 4825 363 4862; x_wconf 84' lang='lat' dir='ltr'><strong>mus.</strong></span> <span class='ocrx_word' id='word_1_393' title='bbox 382 4808 420 4864; x_wconf 87' lang='lat' dir='ltr'><strong>rh.</strong></span> <span class='ocrx_word' id='word_1_394' title='bbox 441 4811 506 4867; x_wconf 81' lang='grc'><strong>1869</strong></span> <span class='ocrx_word' id='word_1_395' title='bbox 524 4808 609 4864; x_wconf 81' lang='lat' dir='ltr'><strong>xxiv</strong></span> <span class='ocrx_word' id='word_1_396' title='bbox 626 4825 651 4876; x_wconf 85' lang='lat' dir='ltr'><strong>p·</strong></span> <span class='ocrx_word' id='word_1_397' title='bbox 664 4807 706 4863; x_wconf 82' lang='lat'><strong>35·</strong></span> <span class='ocrx_word' id='word_1_398' title='bbox 899 4796 902 4802; x_wconf 45' lang='lat'><strong>⁴</strong></span> 
     </span>
    </p>
   </div>
   <div class='ocr_carea' id='block_1_4' title="bbox 0 0 1808 5528">
    <p class='ocr_par' dir='ltr' id='par_1_7' title="bbox 0 0 1808 5528">
     <span class='ocr_line' id='line_1_39' title="bbox 0 0 1808 5528; baseline 0 7"><span class='ocrx_word' id='word_1_399' title='bbox 0 0 1808 5528; x_wconf 95' lang='lat' dir='ltr'><strong> </strong></span> 
     </span>
    </p>
   </div>
  </div>
 </body>
</html>
