3608 5528
868 542 1081 608 ..23-

364 733 590 800 statueriorum
613 731 870 817 sculptorumque
892 732 945 815 qui
967 731 998 796 in
1013 727 1108 798 Italia
1129 730 1297 814 degebant,
1321 730 1503 816 imperfecta
1517 749 1587 799 esse

363 843 513 928 inscripta
536 845 579 928 (p.
603 844 675 928 26);
698 842 810 910 deinde
832 842 860 908 si
881 843 1031 910 Jahnium
1052 861 1114 909 non
1138 843 1237 911 secuti
1259 842 1394 909 Plinium
1417 843 1457 909 de
1478 843 1586 910 aoristi

363 959 396 1022 et
417 954 592 1037 imperfecti
616 955 792 1023 discrimine
815 954 916 1038 egisse
938 954 1129 1036 credimus1,
1158 973 1233 1022 casu
1255 953 1385 1022 fortuito
1412 972 1587 1037 perpaucae

364 1085 556 1134 summorum
578 1064 732 1134 artificum
755 1066 974 1151 inscriptiones
997 1085 1034 1132 ex
1057 1063 1190 1133 Graecia
1211 1066 1341 1132 Romam
1370 1064 1491 1132 delatae
1518 1083 1587 1134 esse

362 1179 412 1246 uel
434 1179 676 1263 archetyporum
697 1183 846 1247 accurata
861 1178 1042 1263 apographa
1057 1178 1154 1245 luisse
1168 1175 1324 1244 uidentur.
1358 1175 1476 1244 Plinius
1491 1176 1588 1261 igitur

366 1290 417 1358 rel
437 1289 477 1372 ii,
504 1309 582 1374 quos
605 1294 731 1358 secutus
760 1295 825 1369 est,
855 1290 1040 1358 sententiam
1069 1310 1106 1358 ex
1135 1290 1389 1374 inscriptionibus
1414 1289 1589 1358 hauserunt

363 1419 494 1486 prorsus
516 1402 650 1470 diversis
672 1421 692 1468 a
713 1402 949 1485 nostris-quaa
971 1421 1033 1470 uon
1056 1402 1158 1470 solum
1179 1403 1212 1469 in
1233 1402 1340 1482 Italia,
1363 1402 1419 1469 sed
1441 1401 1536 1469 ellam
1555 1402 1589 1468 in

366 1513 507 1594 Graecia,
531 1513 617 1596 Asia,
638 1513 752 1580 insulis
775 1521 919 1598 repertae
940 1519 1022 1580 sunt.
1062 1513 1111 1580 Ex
1130 1513 1192 1580 illis
1213 1513 1313 1580 titulis
1333 1512 1425 1579 Plinii
1440 1531 1589 1597 peruersa

366 1626 405 1692 de
427 1626 544 1692 aoristo
567 1630 600 1693 et
620 1623 800 1709 imperfecto
820 1625 985 1708 proposita
1008 1625 1111 1709 opinio
1133 1622 1239 1710 fluxit3
1260 1624 1322 1694 huc
1343 1625 1481 1720 accedit,
1503 1626 1588 1710 quod

364 1756 395 1821 p.
421 1738 459 1801 ll
476 1747 529 1828 sq.
558 1736 708 1820 diximus,
737 1737 854 1804 Romae
876 1734 1012 1804 artifices
1034 1735 1066 1802 in
1088 1735 1202 1802 statuis
1223 1736 1347 1820 publice
1368 1737 1480 1820 positis
1502 1737 1588 1806 haud

365 1866 459 1931 saepe
487 1849 653 1934 inscriptos
681 1848 787 1916 finisse.
838 1848 924 1916 Haeo
954 1853 1059 1915 autern
1089 1866 1170 1932 quae
1196 1845 1237 1916 de
1263 1848 1364 1916 Plinio
1394 1849 1522 1933 exposui
1550 1868 1589 1918 eo

365 1960 538 2044 paullulum
566 1959 690 2029 &mata
720 1961 883 2042 videntur,
911 1959 996 2043 quod
1024 1957 1207 2041 Lessingius
1236 1977 1376 2043 quoque,
1406 1961 1457 2028 cui
1487 1961 1588 2028 solum

364 2072 581 2156 inscriptiones
607 2073 641 2139 in
669 2072 762 2139 Italia
790 2077 934 2156 repertae
963 2074 1089 2155 praesto
1125 2074 1216 2138 erant
1249 2071 1281 2137 in
1313 2071 1446 2141 similem
1479 2073 1590 2140 incidit

1190 2167 1193 2176 ι

367 2202 513 2252 errorem.
545 2184 712 2270 (Laocoon.
735 2184 820 2270 §tl
843 2183 888 2251 VI
909 2202 939 2267 p.
956 2182 1017 2246 202
1045 2181 1093 2248 ed.
1115 2179 1203 2265 min.)

453 2989 525 3056 Jam
547 2987 688 3055 uenimus
717 2987 758 3055 ad
790 2987 989 3072 quaestiones
1018 2987 1058 3055 de
1085 2987 1228 3071 patribus
1255 2992 1292 3057 etw
1318 2989 1357 3056 de
1383 2988 1514 3058 ethnicis
1541 2991 1594 3058 rel

369 3100 532 3168 demoticis
559 3099 717 3181 inscriptis
744 3098 970 3184 instituendas,
1000 3100 1042 3167 ad
1069 3117 1147 3182 quas
1174 3101 1259 3186 ipsas
1287 3105 1454 3186 autequam
1482 3121 1612 3186 aggrep

366 3211 485 3296 dimur‚
514 3231 576 3296 qun
598 3228 693 3280 causa
715 3210 800 3278 ducti
823 3211 856 3279 in
878 3209 949 3278 illas
971 3213 1150 3280 accuratius
1173 3213 1444 3297 inquisiverirnue,
1466 3215 1592 3283 ridetur

366 3323 638 3409 praemittendum.
998 3411 999 3416 Ἰ
1184 3335 1186 3337 ’

412 3507 417 3514 ,
452 3436 568 3503 Omnes
582 3435 674 3520 enim,
689 3435 743 3519 qui
758 3435 823 3504 suis
838 3435 1016 3505 nominibus
1030 3437 1242 3521 praenomina,
1257 3439 1451 3524 cognomina,
1466 3444 1594 3524 patrum

367 3550 494 3618 nomina
514 3549 644 3628 addunt,
666 3567 703 3618 eo
725 3548 853 3619 consilio
875 3550 1003 3634 iaciunt,
1026 3555 1062 3619 ut
1083 3569 1178 3634 quam
1200 3552 1434 3620 accuratissime
1453 3553 1493 3621 ab
1508 3551 1588 3635 aliis,

367 3661 423 3749 qui
439 3659 549 3732 eadem
564 3661 691 3730 nomina
704 3661 818 3747 ierunt,
841 3664 1055 3750 sejungantur.
1089 3663 1202 3733 Graeci
1216 3670 1332 3747 autem,
1346 3665 1461 3749 quippe
1476 3665 1590 3748 quibus

367 3774 497 3858 gentilia
519 3774 646 3842 nomina
668 3774 823 3852 deessent
845 3775 945 3860 patris
967 3779 999 3843 et
1017 3775 1140 3858 patriae
1154 3777 1343 3845 mentionem
1357 3777 1516 3861 negligere
1530 3795 1594 3844 nou

367 3891 546 3971 potuerunt„
569 3886 630 3954 nisi
652 3885 712 3954 alio
735 3887 873 3972 quodam
896 3887 1010 3956 indicio
1033 3886 1149 3955 nomini
1172 3888 1295 3972 adjecto
1317 3907 1381 3956 non
1402 3894 1486 3971 erat,
1509 3889 1595 3972 quod

368 4005 562 4084 vererentur,
587 4019 627 4068 ne
649 4018 719 4067 eum
742 3998 812 4066 aliis
835 3997 1109 4066 contunderentur.
1154 3999 1244 4078 Quod
1267 3999 1298 4066 in
1321 3999 1458 4068 artifices
1480 3999 1594 4069 cadere

368 4131 458 4181 nemo
481 4118 545 4196 est,
573 4111 649 4195 quin
670 4111 814 4194 protinus
835 4111 1007 4196 intelligat:
1035 4129 1097 4179 non
1119 4112 1249 4180 enimsi
1271 4112 1489 4198 inscriptiones
1519 4113 1596 4197 legi·

368 4243 438 4292 mus
459 4225 534 4292 has:

642 4309 818 4399 Δημήτριος
839 4307 977 4396 ἐποίησε,
1002 4309 1169 4398 θεόὸωρος
1191 4309 1319 4400 ἐποίησε

369 4423 408 4490 de
430 4422 572 4506 quolibet
599 4423 772 4507 cogitamus
794 4420 953 4489 Demetrio
979 4420 1028 4489 vel
1050 4423 1228 4505 Theodoro,
1257 4425 1313 4493 sed
1341 4425 1380 4493 de
1408 4423 1592 4492 artificibus.

436 4699 502 4754 ¹nin
525 4698 598 4755 aliter
617 4698 732 4769 judiees,
761 4697 860 4760 Plinius
883 4698 1005 4752 cerintum
1026 4716 1128 4768 prorsus
1151 4700 1279 4770 neglexit,
1307 4701 1402 4772 quippe
1425 4701 1470 4772 qui
1492 4716 1597 4771 semper

369 4795 435 4842 meet
451 4787 478 4842 in
495 4804 552 4842 usu.
