3586 5520
883 573 1115 636 -170-

388 767 543 828 certamen
568 761 607 827 de
628 779 662 826 se
685 758 794 840 iecere,
818 761 1018 827 Menecraten
1043 759 1139 826 videri
1163 758 1303 842 professi,
1327 759 1383 826 sed
1398 775 1468 825 esse
1483 762 1610 824 nature·

388 873 448 938 lem
470 871 709 937 Artemidorum.
1148 935 1151 942 ,

472 983 559 1048 Ηοοο
588 1002 625 1048 ex
654 982 855 1066 inscriptione
884 983 986 1067 open's
1015 980 1159 1060 fluxisse,
1193 984 1360 1050 voluerunt
1390 981 1530 1050 nonnulli
1558 1001 1611 1046 vv.

387 1095 439 1161 dd.
463 1095 640 1178 (Petersenz
663 1091 845 1176 Einleitung
867 1094 899 1159 in
923 1093 979 1159 das
1002 1091 1149 1159 Studium
1171 1095 1227 1162 der
1250 1092 1415 1162 Archaeoi.
1445 1094 1548 1160 obers.
1580 1111 1611 1156 v.

387 1205 621 1272 Friederichsen
637 1224 667 1288 p.
682 1205 758 1280 1083
773 1205 915 1288 Brieger:
932 1206 971 1271 de
983 1204 1111 1272 tontibb.
1127 1205 1205 1271 Plio.
1220 1203 1306 1272 librr.
1319 1203 1608 1270 XXXIII-XXXVI

386 1336 416 1400 p.
435 1316 488 1399 71)
516 1322 601 1384 recte
626 1315 774 1394 fortasse,
802 1334 989 1399 quamquem
1017 1315 1110 1382 etiarn
1138 1334 1176 1383 er
1201 1315 1316 1382 litteris
1342 1316 1465 1398 scriptis
1494 1315 1614 1381 heusta

387 1447 456 1494 esse
483 1433 622 1511 possunt.
667 1427 758 1507 Quod
787 1446 860 1493 vero
882 1427 1008 1508 quidem
1031 1426 1178 1510 graecum
1206 1423 1438 1490 καθ’ὑολεσίαν
1465 1445 1484 1491 a
1506 1426 1609 1492 Plinio

387 1538 541 1606 hocloco
572 1539 604 1604 in
633 1537 766 1604 latinum
796 1557 920 1605 versum
950 1556 1019 1604 esse
1048 1539 1265 1620 conjecerunt,
1295 1537 1397 1602 minus
1426 1543 1499 1618 apte
1527 1537 1611 1602 verti

387 1668 449 1716 non
471 1650 597 1733 potuit]

965 1821 1030 1904 [ἳὸ.

426 1913 431 1920 .
472 1957 601 2041 Proeop.
626 1957 769 2026 debello
792 1958 885 2026 Goth.
902 1960 958 2041 IV,
980 1960 1021 2024 22

474 2089 552 2171 (egit
574 2087 613 2156 de
635 2089 875 2172 Agamemnonis
897 2091 978 2168 nevi,
1001 2107 1081 2173 quae
1105 2087 1249 2156 Gemesti
1269 2089 1302 2154 in
1324 2088 1474 2154 Euboeae
1495 2087 1614 2170 oppido

386 2199 642 2283 ostendebatur):

471 2336 492 2400 ἃ
514 2335 553 2426 δὴ
575 2339 744 2423 γράμματα
767 2335 800 2401 ἐν
823 2337 920 2422 πλοίῳ
943 2337 1046 2424 τούτῳ
1068 2335 1087 2424 ἢ
1111 2335 1253 2425 τηνικάδε
1272 2333 1291 2423 ἡ
1307 2332 1614 2430 imposui-*omisere

388 2446 479 2537 δηλοῖ
497 2448 531 2513 ἐν
554 2448 728 2536 ἑξαμέτρῳ,
751 2447 795 2512 ὧν
818 2449 855 2512 τὰ
874 2449 931 2528 μὲν
954 2449 1079 2512 πλείστα
1101 2447 1223 2536 ἐξίτηλα
1241 2445 1350 2538 χρόνῳ
1373 2449 1420 2532 τῷ
1431 2449 1549 2532 μακρῷ
1564 2447 1613 2530 γε’-

386 2581 469 2641 rone,
494 2559 588 2623 τὰδὲ
611 2563 721 2646 πρῶτα
744 2561 792 2622 καί
815 2558 848 2630 ἐς
872 2559 944 2623 τόδε
967 2559 1160 2644 διαφαίνεται
1182 2557 1309 2642 λέγοντα
1324 2553 1414 2642 nine·

643 2697 710 2785 Νῆα
729 2695 877 2780 μέλαιναν
899 2694 1047 2781 {ripoinum
1068 2693 1142 2784 τῇδ’
1161 2692 1355 2779 Ἀγαμέμνων

664 2803 813 2896 Ἑλλήνων
835 2811 982 2896 στρατιῆς
1003 2811 1089 2895 σῆμα
1112 2805 1319 2891 πλοϊζομένων

387 2947 435 3008 καί
456 2943 489 3007 ἐν
512 2945 595 3034 ἀρχῇ
618 2942 695 3034 ἔχει·

703 3073 842 3164 Τύννιχος
862 3073 958 3139 ἐποίει
977 3071 1126 3162 Ἀρτέμιδι
1149 3072 1293 3161 Βολοσίᾳ.

386 3213 441 3278 sed
464 3217 549 3279 recte
564 3211 721 3278 Brunnius
745 3211 830 3296 (hist.
847 3211 939 3278 antiit.
959 3213 974 3278 1
996 3230 1026 3294 p.
1044 3211 1119 3295 608)
1135 3210 1265 3292 monuit,
1288 3209 1480 3294 Tynniehnm
1496 3209 1576 3277 ded
1587 3213 1611 3278 i·

388 3341 499 3389 nesse
520 3322 619 3389 rideri
641 3323 775 3406 navem]
