3608 5528
755 581 968 645 ,45-

250 765 347 836 dubie
366 787 460 853 saepe
482 774 659 854 emptorum
681 774 795 854 rogatu
817 769 942 836 ethnica
970 767 1169 836 addiderunt.
1214 769 1302 848 Quae
1330 787 1401 836 cum
1428 769 1474 836 ito

251 881 324 964 sint,
346 881 471 950 ethnica
488 883 640 965 inscripta
657 881 821 968 paullatim
835 882 868 947 in
882 879 1039 948 artificum
1052 880 1178 949 laudem
1193 882 1349 960 abierunt
1370 899 1474 966 neque

250 991 334 1060 ullus
364 993 477 1062 artilex
499 994 630 1061 Athenis
657 1001 765 1077 natus,
793 1013 865 1062 cum
891 998 976 1062 artes
998 993 1130 1060 Romam
1158 995 1361 1078 migrassent,
1390 992 1473 1062 unde

250 1105 402 1188 originem
425 1105 562 1187 duxerit,
591 1107 733 1174 omisisse
755 1106 880 1172 videtur
902 1105 946 1189 (n.
963 1105 1144 1190 95-103);
1172 1123 1236 1188 qna
1256 1125 1291 1174 re
1313 1106 1388 1190 quin
1410 1104 1473 1173 offi-

250 1216 336 1284 cinas
358 1235 432 1285 suas
453 1237 643 1302 magnopere
664 1218 959 1299 commendaverint,
982 1217 1122 1285 dubitari
1140 1235 1203 1284 non
1224 1222 1339 1302 potest.
1385 1215 1473 1284 simi-

250 1326 321 1396 liter
343 1347 424 1396 unus
446 1330 500 1411 qui
522 1349 560 1397 er
582 1347 729 1398 vesorum
749 1329 891 1397 fictilium
915 1328 1144 1396 conlectoribus
1166 1329 1292 1396 ethnico
1315 1347 1392 1396 usus
1414 1335 1473 1412 111,

249 1438 474 1522 Xenophontas
494 1442 562 1507 vesi
576 1442 779 1525 Panticapaei
797 1447 925 1526 reperto
939 1441 1099 1524 inscripsit
1113 1439 1315 1528 Ξενόφαντος
1329 1439 1473 1529 ἐποίησεν

247 1546 368 1640 141)νὶ.
413 1552 463 1620 Ita
485 1553 579 1621 etiam
608 1553 746 1636 qumque
768 1553 879 1620 Parii
907 1550 1042 1620 artidoes
1065 1553 1293 1636 Thrasymedes
1317 1553 1390 1636 (scr.
1409 1553 1473 1637 16),

250 1664 452 1746 Agoracritus
475 1665 548 1750 (scr.
567 1665 631 1748 15),
653 1663 848 1747 Antiphanes
871 1663 972 1750 (154),
995 1665 1180 1732 Aristander
1207 1665 1307 1750 (158),
1332 1665 1473 1733 Isidorus

251 1776 356 1860 (144),
385 1794 457 1842 cum
477 1757 579 1844 Parus¹
600 1776 704 1845 insula
731 1777 809 1844 artis
835 1775 929 1843 laude
957 1773 1120 1859 floreret²,
1147 1777 1282 1860 patriam
1309 1778 1340 1846 in
1372 1775 1473 1846 titulis

248 1885 350 1955 adbuc
372 1890 551 1957 extantibus
572 1894 834 1956 memoraverunt.
1299 1957 1303 1966 ,

333 1999 495 2082 Artifices,
524 2002 578 2084 qui
605 2000 736 2069 Rhodi
763 2000 934 2084 degebant,
962 2019 1070 2068 omnes
1096 2000 1316 2068 indicaverunt
1342 2001 1472 2086 patrias,

248 2110 331 2195 quod
357 2130 411 2182 eos
438 2115 586 2198 superbia
613 2113 749 2198 quadam
777 2113 887 2180 secisse
914 2131 953 2180 es
980 2132 1018 2181 eo
1047 2112 1151 2198 colligi
1177 2119 1299 2196 potest,
1327 2114 1411 2195 quod
1440 2119 1473 2181 et

247 2224 388 2292 civitates
410 2226 542 2293 donatas
563 2225 757 2294 addiderunt
783 2225 848 2310 (66,
871 2226 922 2302 11,
946 2225 1010 2308 vt).

333 2338 370 2404 ln
384 2339 565 2406 universum
580 2337 715 2421 denique
730 2336 832 2404 titulis
847 2335 1000 2416 firmatur,
1016 2337 1100 2422 quod
1115 2336 1236 2404 Plinius
1252 2337 1332 2404 dixit
1343 2337 1471 2420 XXXV,

248 2450 304 2514 il:
329 2452 502 2532 »usquein
524 2450 583 2518 hac
606 2447 756 2535 (pictura)
779 2467 881 2531 neque
902 2451 934 2517 in
954 2450 1126 2517 toreutice⁸
1148 2449 1243 2516 ullius
1258 2450 1312 2534 qui
1326 2450 1472 2517 servierit

249 2581 346 2646 opera
368 2563 596 2646 celebrantur«
621 2563 704 2648 quod
727 2567 812 2630 certe
834 2580 872 2629 ex
888 2561 1081 2629 Graecorum
1103 2561 1229 2644 scriptis
1248 2561 1397 2629 haustum
1413 2567 1470 2628 eet

344 2823 477 2906 Saepius
496 2821 698 2890 inveniuntur
718 2823 751 2888 in
773 2821 997 2888 statuariorum
1013 2821 1268 2905 sculptorumque
1282 2823 1383 2889 titulis
1397 2822 1471 2889 arti·

246 2934 337 3016 tices,
367 2937 471 3018 etqui
494 2936 604 3003 eadem
626 2933 753 3002 nomina
774 2933 953 3001 habuerunt
974 2938 1007 3000 et
1027 2935 1083 3016 qui
1105 2953 1169 3000 una
1195 2952 1292 3016 opera
1319 2933 1470 3010 lecerunt,

246 3047 421 3134 dequibus
443 3069 525 3117 nunc
547 3046 788 3131 disputabimus.

724 3361 946 3431 EXGURSUS
969 3364 994 3430 Ι.

363 3519 418 3586 DE
440 3515 708 3586 ARTIFICIBUS
731 3517 894 3586 AGITUR
915 3519 989 3598 QUI
1012 3517 1163 3586 Eanum
1186 3517 1354 3586 NOMINA

722 3629 994 3698 HABUERUNT.

338 3769 557 3850 Quaestionem
578 3787 661 3836 nunc
682 3768 874 3852 propositam
894 3767 946 3836 hie
960 3767 1163 3846 instituimus,
1185 3768 1270 3852 quod
1284 3773 1317 3834 et
1330 3773 1469 3836 nostram

244 3899 312 3948 rem
329 3882 421 3964 Juvat
442 3887 477 3948 et
497 3881 648 3964 imprimis
670 3879 927 3964 inscriptionibus
949 3880 1029 3946 duos
1050 3879 1186 3949 artifices
1209 3877 1348 3963 ejusdem
1370 3879 1468 3948 nomi·

243 3993 294 4060 nis
316 4012 377 4060 non
399 3991 525 4062 eoadem
546 3991 643 4060 fuisse
665 3992 810 4076 cognosci
832 3997 948 4076 potest.

331 4105 365 4171 In
381 4103 572 4172 Graecorum
593 4101 720 4170 familiis
742 4103 853 4170 eadem
873 4103 999 4170 nomina
1018 4103 1194 4175 hereditate
1209 4111 1383 4188 propagata
1398 4109 1467 4171 ess'e

243 4215 304 4292 ita,
332 4221 369 4282 ut
390 4217 572 4300 saepissime
594 4233 692 4300 nepos
719 4214 772 4282 avi
800 4233 912 4283 nomen
940 4215 1050 4298 terret,
1080 4215 1164 4282 inter
1190 4233 1297 4283 omnes
1326 4222 1465 4302 constat3

313 4387 431 4445 ¹Brunn.
456 4391 514 4444 hist.
538 4389 768 4458 1111111111.
791 4388 970 4458 1181111111.
995 4388 1282 4456 1111111-111811866
1306 4388 1356 4441 ab.
1374 4387 1411 4440 1v
1433 4387 1465 4442 ot'.

242 4473 374 4532 winda.
393 4477 461 4529 thtt.
478 4477 527 4544 gal.
546 4477 608 4528 Ans.
624 4477 689 4532 1869
706 4493 734 4544 p.
748 4477 813 4530 2121
832 4493 870 4542 sq.

312 4561 430 4631 ’sylhb
454 4579 500 4614 ror.
519 4564 536 4617 8
558 4558 748 4630 Ἀρίστανδρος
771 4554 876 4629 Πάριος
898 4559 1007 4614 Pansam.
1026 4559 1075 4620 111.
1101 4559 1148 4621 18,
1172 4561 1203 4621 83
1230 4557 1337 4628 Λόκρος
1360 4553 1465 4628 Πάριος

241 4647 434 4709 em1,a.t;
451 4636 632 4714 Ξενοφῶν...
652 4641 757 4714 Πάριος
773 4643 988 4713 ἀγαλματοποιός
1005 4647 1035 4698 L.
1047 4644 1120 4714 Diog.
1131 4645 1163 4708 ll,
1176 4647 1224 4709 59;
1244 4640 1348 4704 Σκόπας
1361 4639 1465 4714 Πάριος
1586 4644 1591 4658 “

241 4733 318 4786 saus
331 4731 398 4796 vill,
415 4735 459 4796 46,
477 4737 507 4794 br
524 4737 568 4795 lt,
590 4737 610 4789 1.

311 4821 323 4859 θ
337 4820 369 4871 dc
387 4821 521 4874 1111111111
538 4821 606 4888 apud
617 4820 729 4872 Plinium
747 4819 848 4871 1111111
865 4837 888 4872 r.
902 4819 1013 4886 Briagar.
1033 4819 1057 4869 ln
1070 4819 1168 4870 11111111.
1181 4819 1198 4869 l.
1211 4819 1273 4884 (1.8
1285 4816 1374 4882 noti)
1385 4832 1410 4883 p.
1423 4819 1462 4870 ll.
