3608 5528
909 521 1120 586 ..10-

406 709 602 795 temporibus
627 710 748 777 deletae
771 711 850 790 sint,
877 708 1012 778 describi
1040 727 1101 774 non
1130 715 1250 792 potest:
1279 709 1358 777 aliae
1386 714 1471 777 certe
1499 709 1626 791 nactae,

406 822 487 890 aliae
497 821 550 888 'ad
575 820 692 888 calcem
714 821 907 904 coquendum
923 823 1124 904 consumptae
1139 827 1228 902 sunt,
1250 839 1345 904 quam
1361 823 1477 908 multae
1493 820 1627 904 deniqne

405 934 583 1001 etiamnunc
605 933 665 999 sub
689 937 774 998 terra
791 933 920 1015 jaceant
941 931 1096 1014 sepultae!
1144 961 1146 966 v

491 1046 533 1111 Αι
554 1044 691 1146 Romani
713 1039 816 1110 nonne
838 1044 951 1111 statuis
973 1043 1015 1109 in.
1028 1043 1152 1142 ltaliam
1173 1043 1284 1120 delatis
1311 1048 1475 1112 auctorum
1502 1044 1627 1113 nonina

405 1157 507 1223 denuo
531 1157 765 1239 subscripsere?
786 1155 842 1223 sed
867 1155 1054 1235 memineris,
1078 1154 1262 1238 plerumque
1283 1156 1373 1222 bellis
1394 1155 1489 1223 finitis
1505 1160 1626 1224 statuas

404 1274 511 1352 raptas
534 1286 603 1334 esse
636 1267 726 1334 »belli
755 1267 830 1349 lege
861 1271 956 1347 etque
985 1263 1147 1348 imperatio
1170 1266 1261 1347 jnrcc
1292 1264 1369 1349 (Cic.
1392 1267 1481 1334 Verr.
1511 1273 1571 1336 aot.
1594 1268 1625 1334 11

353 1436 358 1450 .
405 1397 449 1446 or.
472 1381 487 1443 1
512 1379 620 1464 §bit¹
649 1399 669 1446 a
694 1379 835 1454 ducibus,
858 1395 989 1460 quorum
1013 1377 1107 1444 animi
1128 1378 1159 1444 in
1182 1378 1214 1443 id
1236 1377 1336 1444 solum
1357 1379 1569 1461 intendebant,
1592 1386 1627 1447 ιιι

405 1496 437 1558 at
457 1491 631 1574 triumphos
654 1508 733 1557 suos
765 1487 930 1573 magnifice
956 1493 1104 1556 ornarent
1132 1491 1164 1555 et
1191 1488 1380 1570 reipublicae
1408 1491 1538 1574 gloriam
1567 1497 1627 1582 tot

404 1602 550 1684 operibus
573 1603 674 1684 captis
697 1607 866 1686 augerent,
898 1603 984 1684 quod
1006 1601 1160 1669 artificum
1183 1601 1308 1668 nomina
1336 1583 1421 1671 certe
1448 1621 1510 1670 non
1539 1604 1626 1688 adju·

404 1714 535 1792 sissent,
562 1714 678 1799 quippe
706 1730 788 1796 quac
819 1730 926 1780 omnes
954 1713 1087 1779 Romani
1115 1713 1303 1796 ignorarent.
1354 1713 1495 1781 Fortuna
1521 1719 1626 1782 autem

402 1823 534 1892 fautrice
556 1826 633 1894 satis
656 1825 758 1892 edocti
780 1843 898 1907 sumus,
924 1842 987 1906 qua
1010 1824 1132 1891 ratione
1146 1825 1357 1921 Romanorum
1373 1825 1492 1893 duces
1482 1845 1515 1894 ιιι
1530 1827 1626 1910 signis

403 1935 606 2005 inscribendis
627 1937 677 2004 usi
699 1937 773 2003 sint.
813 1936 922 2004 Cicero
942 1936 1071 2003 enimin
1086 1936 1174 2003 Verr.
1192 1915 1298 2004 actll
1313 1956 1358 2003 or.
1372 1937 1396 2003 ι.
1412 1938 1483 2022 §57
1504 1940 1540 2004 P
1557 1939 1626 2007 Ser·

402 2049 509 2116 vilium
524 2049 649 2116 Vstinm
675 2045 859 2131 Isauricum,
883 2067 975 2131 quem
998 2049 1122 2116 circiter
1144 2066 1226 2115 anno
1241 2049 1326 2115 lla.
1343 2049 1416 2117 Chr.
1440 2049 1564 2133 (esna.
1580 2051 1624 2136 ιι)

320 2191 321 2196 ,
403 2162 443 2228 dc
464 2160 584 2228 Isauris
607 2166 639 2227 et
661 2159 776 2227 Ciliciis
800 2159 915 2244 piratis
938 2159 1150 2244 triumphasse
1173 2167 1312 2244 constat,
1335 2163 1463 2230 summis
1482 2163 1626 2231 laudibus

403 2271 529 2354 extulit,
560 2272 635 2356 quia
657 2273 749 2358 signa
770 2277 802 2340 et
824 2279 1012 2342 ornamenta
1038 2279 1131 2359 capta
1153 2275 1184 2340 in
1207 2274 1331 2342 tabulas
1352 2275 1493 2358 publicas
1515 2275 1558 2348 ad
1577 2295 1625 2343 ae

403 2387 518 2454 rarium
541 2385 766 2470 perscribenda
781 2391 938 2454 ,curasset
981 2386 1101 2455 Deinde
1123 2387 1230 2455 relatis
1253 2388 1425 2456 rationibus
1446 2387 1480 2456 P.
1504 2387 1625 2456 Servilii

342 2507 344 2516 ’
403 2497 597 2567 benedixit:
624 2517 706 2565 »non
729 2497 830 2566 solum
851 2515 1026 2581 numerum,
1052 2500 1108 2565 sed
1131 2500 1224 2567 etiam
1247 2500 1491 2585 uniuscnjusque
1507 2501 1626 2586 magm-

403 2611 557 2692 tudinem‚
587 2608 733 2694 figuram,
766 2615 886 2678 statum
913 2611 1031 2678 litteris
1061 2611 1182 2679 deliniri
1208 2612 1333 2688 uides;‹
1370 2619 1445 2680 sane
1473 2611 1626 2680 nrtifictmr

403 2724 529 2790 nomina
549 2722 598 2790 uir
618 2723 671 2791 ille
692 2724 801 2791 bonus
825 2724 901 2790 nihil
923 2730 1100 2808 curaverat,
1123 2725 1176 2811 qui
1199 2744 1279 2809 quae
1301 2725 1415 2792 statuis
1437 2725 1537 2810 captis
1554 2727 1626 2795 sub·

403 2835 528 2920 scripsit
549 2836 724 2904 ostenditur
744 2838 807 2905 hoc
831 2837 924 2904 b'tulo
947 2836 996 2922 (C.
1019 2839 1045 2904 l.
1068 2839 1121 2906 lat.
1144 2841 1160 2906 I
1181 2839 1290 2924 pbbll
1312 2837 1473 2922 n.1506):
1528 2915 1534 2938 ,

859 3007 894 3071 Ρ.
919 3003 1070 3076 Servilius
1093 3001 1127 3069 O.
1151 3000 1171 3068 l.

934 3133 1097 3202 Isauricus

873 3263 1044 3347 imperator
1065 3260 1156 3345 cepit.
1216 3314 1217 3317 ,

490 3426 595 3510 Atque
618 3427 701 3493 idem
723 3425 789 3494 lere
812 3425 1008 3510 inscripsisse
1030 3424 1144 3492 statuis
1167 3423 1210 3490 ld.
1235 3421 1416 3490 Marcellum
1441 3421 1548 3489 Sicilia
1575 3421 1625 3489 de
1681 3441 1693 3452 ⁶

405 3537 487 3606 dcta
510 3538 639 3605 docetur
660 3537 753 3604 titulo
774 3538 832 3603 531
856 3539 877 3604 ι.
892 3537 913 3602 l
936 3536 978 3602 M.
996 3534 1140 3603 Fuluium
1155 3534 1347 3602 Nobiliorem
1362 3534 1485 3602 Aetolia
1508 3534 1625 3601 domita

404 3649 496 3716 titulo
512 3649 602 3715 534².
640 3649 781 3716 Mummii
803 3649 888 3716 tituli
910 3652 985 3716 sunt
1000 3647 1172 3713 541-546
1195 3665 1231 3714 ao
1248 3665 1345 3730 prope
1358 3643 1487 3730 lapides,
1508 3644 1621 3792 quibus

404 3760 493 3828 incisi
515 3764 592 3828 sunt
577 3760 676 3827 tduo
698 3761 782 3828 tituli
805 3761 881 3826 543:
1552 3805 1555 3812 ,

855 3907 891 3974 ιι.
916 3907 1085 3975 Mummius
1108 3923 1170 3974 cos.

980 4018 1047 4087 uico

403 4158 465 4224 duo
487 4157 576 4241 signa
601 4157 689 4225 humi
706 4157 844 4240 jacentia
868 4156 1152 4225 ›elaboratissimae
1166 4155 1339 4225 industriae
1354 4155 1563 4226 Graecorum
1582 4156 1625 4224 vi·

461 4399 472 4439 1
486 4397 593 4452 Pansam.
613 4415 715 4468 qnoque
725 4397 796 4461 vlu,
807 4399 880 4461 les
897 4381 941 4450 nbi
959 4404 1052 4450 ststnns
1071 4413 1086 4448 a
1103 4395 1236 4450 victoribus
1246 4399 1302 4466 jsm
1315 4397 1493 4466 antiquissimis
1505 4399 1623 4470 tempori-

402 4487 449 4538 bus
467 4491 550 4553 raptss
568 4502 624 4538 asse
643 4485 720 4537 dixit:
741 4482 874 4549 βασιλεὺς
890 4483 939 4548 μὲν
959 4483 992 4554 δὴ
1010 4481 1166 4552 Αὔγουστος
1182 4483 1371 4555 καθεστηκότα
1393 4483 1423 4536 ἐκ
1446 4482 1561 4537 παλαιοῦ
1582 4483 1624 4536 sal

403 4570 453 4623 ὑπό
470 4587 502 4622 τε
516 4565 644 4640 Ἑλλήνων
665 4569 825 4634 νομιζόμενα
842 4569 885 4622 καὶ
901 4568 1058 4640 βαρβάρων
1077 4569 1234 4639 εἰργάσατο.

472 4657 565 4710 tilde
583 4657 614 4710 de
633 4657 709 4711 Rossi
726 4657 816 4713 bullat.
835 4656 885 4710 del.
903 4657 960 4710 inst.
980 4655 1046 4710 such.
1066 4656 1132 4714 1869
1149 4657 1204 4729 pb
1222 4657 1254 4712 de
1271 4657 1327 4714 basi
1344 4657 1380 4720 bi,
1398 4657 1470 4716 li'nlr.
1487 4656 1622 4713 Nobiliori:

402 4761 482 4812 nuper
498 4751 606 4812 reperta
