<?xml version="1.0" encoding="UTF-8"?>
<!DOCTYPE html PUBLIC "-//W3C//DTD XHTML 1.0 Transitional//EN"
    "http://www.w3.org/TR/xhtml1/DTD/xhtml1-transitional.dtd">
<html xmlns="http://www.w3.org/1999/xhtml" xml:lang="en" lang="en">
 <head>
  <title>
</title>
<meta http-equiv="Content-Type" content="text/html;charset=utf-8" />
  <meta name='ocr-system' content='tesseract 3.04.00' />
  <meta name='ocr-capabilities' content='ocr_page ocr_carea ocr_par ocr_line ocrx_word'/>
</head>
<body>
  <div class='ocr_page' id='page_1' title='image "./titulistatuario01hirsgoog_0019.png"; bbox 0 0 3608 5528; ppageno 0'>
   <div class='ocr_carea' id='block_1_1' title="bbox 829 561 1019 623">
    <p class='ocr_par' dir='ltr' id='par_1_1' title="bbox 829 561 1019 623">
     <span class='ocr_line' id='line_1_1' title="bbox 829 561 1019 623; baseline -0.005 -15"><span class='ocrx_word' id='word_1_1' title='bbox 829 561 1019 623; x_wconf 74' lang='grc'>..6-</span> 
     </span>
    </p>
   </div>
   <div class='ocr_carea' id='block_1_2' title="bbox 316 744 1598 4519">
    <p class='ocr_par' dir='ltr' id='par_1_2' title="bbox 316 744 1533 1168">
     <span class='ocr_line' id='line_1_2' title="bbox 317 744 1532 832; baseline -0.006 -18"><span class='ocrx_word' id='word_1_2' title='bbox 317 750 408 816; x_wconf 80' lang='lat' dir='ltr'><strong>ambo</strong></span> <span class='ocrx_word' id='word_1_3' title='bbox 424 752 596 815; x_wconf 86' lang='lat' dir='ltr'><strong>ornassent.</strong></span> <span class='ocrx_word' id='word_1_4' title='bbox 630 749 681 814; x_wconf 90' lang='lat' dir='ltr'><strong>Ita</strong></span> <span class='ocrx_word' id='word_1_5' title='bbox 696 747 865 832; x_wconf 79' lang='lat' dir='ltr'><strong>Lysippum</strong></span> <span class='ocrx_word' id='word_1_6' title='bbox 886 763 1018 830; x_wconf 84' lang='lat' dir='ltr'><strong>quoque,</strong></span> <span class='ocrx_word' id='word_1_7' title='bbox 1040 765 1133 828; x_wconf 84' lang='lat' dir='ltr'><strong>ouem</strong></span> <span class='ocrx_word' id='word_1_8' title='bbox 1148 745 1307 830; x_wconf 78' lang='lat' dir='ltr'><strong>periegeta</strong></span> <span class='ocrx_word' id='word_1_9' title='bbox 1324 746 1388 828; x_wconf 76' lang='lat' dir='ltr'><strong>iam</strong></span> <span class='ocrx_word' id='word_1_10' title='bbox 1406 744 1432 824; x_wconf 93' lang='grc' dir='ltr'><strong>Ι,</strong></span> <span class='ocrx_word' id='word_1_11' title='bbox 1446 744 1496 820; x_wconf 82' lang='grc'>43,</span> <span class='ocrx_word' id='word_1_12' title='bbox 1512 745 1532 807; x_wconf 87' lang='grc'><strong>6</strong></span> 
     </span>
     <span class='ocr_line' id='line_1_3' title="bbox 317 855 1533 943; baseline -0.004 -17"><span class='ocrx_word' id='word_1_13' title='bbox 317 860 539 934; x_wconf 81' lang='lat' dir='ltr'><strong>nominaverat,</strong></span> <span class='ocrx_word' id='word_1_14' title='bbox 561 858 739 943; x_wconf 82' lang='lat' dir='ltr'><strong>Sicyonium</strong></span> <span class='ocrx_word' id='word_1_15' title='bbox 753 857 850 925; x_wconf 86' lang='lat' dir='ltr'><strong>tuisse</strong></span> <span class='ocrx_word' id='word_1_16' title='bbox 865 857 1024 925; x_wconf 82' lang='lat' dir='ltr'><strong>enarravit</strong></span> <span class='ocrx_word' id='word_1_17' title='bbox 1039 857 1080 937; x_wconf 92' lang='grc' dir='ltr'><strong>ΙΙ,</strong></span> <span class='ocrx_word' id='word_1_18' title='bbox 1097 859 1127 938; x_wconf 90' lang='grc'>9,</span> <span class='ocrx_word' id='word_1_19' title='bbox 1143 858 1162 922; x_wconf 89' lang='grc'>8</span> <span class='ocrx_word' id='word_1_20' title='bbox 1177 857 1232 923; x_wconf 91' lang='lat' dir='ltr'><strong>ubi</strong></span> <span class='ocrx_word' id='word_1_21' title='bbox 1248 857 1287 923; x_wconf 89' lang='lat' dir='ltr'><strong>de</strong></span> <span class='ocrx_word' id='word_1_22' title='bbox 1301 855 1386 922; x_wconf 89' lang='lat' dir='ltr'><strong>iilius</strong></span> <span class='ocrx_word' id='word_1_23' title='bbox 1402 855 1533 922; x_wconf 88' lang='lat' dir='ltr'><strong>Heracle</strong></span> 
     </span>
     <span class='ocr_line' id='line_1_4' title="bbox 317 965 1533 1054; baseline -0.004 -17"><span class='ocrx_word' id='word_1_24' title='bbox 317 989 413 1038; x_wconf 88' lang='lat' dir='ltr'><strong>aeneo</strong></span> <span class='ocrx_word' id='word_1_25' title='bbox 436 971 541 1054; x_wconf 82' lang='lat' dir='ltr'><strong>agitur</strong></span> <span class='ocrx_word' id='word_1_26' title='bbox 563 969 696 1054; x_wconf 83' lang='lat' dir='ltr'><strong>Sicyone</strong></span> <span class='ocrx_word' id='word_1_27' title='bbox 718 969 830 1052; x_wconf 89' lang='lat' dir='ltr'><strong>posito,</strong></span> <span class='ocrx_word' id='word_1_28' title='bbox 853 989 915 1053; x_wconf 88' lang='lat' dir='ltr'><strong>qua</strong></span> <span class='ocrx_word' id='word_1_29' title='bbox 937 969 968 1035; x_wconf 91' lang='lat' dir='ltr'><strong>in</strong></span> <span class='ocrx_word' id='word_1_30' title='bbox 990 969 1068 1036; x_wconf 90' lang='lat' dir='ltr'><strong>urbe</strong></span> <span class='ocrx_word' id='word_1_31' title='bbox 1091 973 1176 1037; x_wconf 90' lang='lat' dir='ltr'><strong>certe</strong></span> <span class='ocrx_word' id='word_1_32' title='bbox 1199 968 1362 1051; x_wconf 77' lang='lat' dir='ltr'><strong>indigenae</strong></span> <span class='ocrx_word' id='word_1_33' title='bbox 1384 965 1533 1033; x_wconf 88' lang='lat' dir='ltr'><strong>artificem</strong></span> 
     </span>
     <span class='ocr_line' id='line_1_5' title="bbox 316 1077 1532 1168; baseline -0.002 -22"><span class='ocrx_word' id='word_1_34' title='bbox 316 1082 404 1148; x_wconf 88' lang='lat' dir='ltr'><strong>illum</strong></span> <span class='ocrx_word' id='word_1_35' title='bbox 426 1081 660 1150; x_wconf 85' lang='lat' dir='ltr'><strong>celebemimum</strong></span> <span class='ocrx_word' id='word_1_36' title='bbox 682 1099 773 1148; x_wconf 85' lang='lat' dir='ltr'><strong>suurn</strong></span> <span class='ocrx_word' id='word_1_37' title='bbox 797 1081 895 1147; x_wconf 89' lang='lat' dir='ltr'><strong>civem</strong></span> <span class='ocrx_word' id='word_1_38' title='bbox 917 1099 986 1148; x_wconf 87' lang='lat' dir='ltr'><strong>esse</strong></span> <span class='ocrx_word' id='word_1_39' title='bbox 1008 1080 1155 1168; x_wconf 80' lang='lat' dir='ltr'><strong>superbIa</strong></span> <span class='ocrx_word' id='word_1_40' title='bbox 1177 1081 1312 1161; x_wconf 87' lang='lat' dir='ltr'><strong>quadum</strong></span> <span class='ocrx_word' id='word_1_41' title='bbox 1328 1077 1532 1145; x_wconf 86' lang='lat' dir='ltr'><strong>affirmabant</strong></span> 
     </span>
    </p>

    <p class='ocr_par' dir='ltr' id='par_1_3' title="bbox 317 1190 1536 2158">
     <span class='ocr_line' id='line_1_6' title="bbox 404 1190 1533 1276; baseline -0.003 -17"><span class='ocrx_word' id='word_1_42' title='bbox 404 1192 465 1260; x_wconf 85' lang='lat' dir='ltr'><strong>Sed</strong></span> <span class='ocrx_word' id='word_1_43' title='bbox 487 1213 549 1260; x_wconf 92' lang='lat' dir='ltr'><strong>non</strong></span> <span class='ocrx_word' id='word_1_44' title='bbox 571 1194 682 1274; x_wconf 87' lang='lat' dir='ltr'><strong>omnia,</strong></span> <span class='ocrx_word' id='word_1_45' title='bbox 705 1211 786 1274; x_wconf 88' lang='lat' dir='ltr'><strong>quac</strong></span> <span class='ocrx_word' id='word_1_46' title='bbox 808 1193 848 1259; x_wconf 89' lang='lat' dir='ltr'><strong>ad</strong></span> <span class='ocrx_word' id='word_1_47' title='bbox 870 1190 1006 1259; x_wconf 85' lang='lat' dir='ltr'><strong>artifices</strong></span> <span class='ocrx_word' id='word_1_48' title='bbox 1028 1193 1205 1276; x_wconf 87' lang='lat' dir='ltr'><strong>pertinent,</strong></span> <span class='ocrx_word' id='word_1_49' title='bbox 1227 1191 1399 1258; x_wconf 86' lang='lat' dir='ltr'><strong>Pausanias</strong></span> <span class='ocrx_word' id='word_1_50' title='bbox 1421 1191 1461 1258; x_wconf 86' lang='lat' dir='ltr'><strong>ab</strong></span> <span class='ocrx_word' id='word_1_51' title='bbox 1483 1209 1533 1256; x_wconf 84' lang='lat' dir='ltr'><strong>eu·</strong></span> 
     </span>
     <span class='ocr_line' id='line_1_7' title="bbox 318 1299 1535 1388; baseline -0.004 -18"><span class='ocrx_word' id='word_1_52' title='bbox 318 1305 417 1388; x_wconf 77' lang='lat' dir='ltr'><strong>cgetts</strong></span> <span class='ocrx_word' id='word_1_53' title='bbox 439 1304 569 1388; x_wconf 87' lang='lat' dir='ltr'><strong>accepit,</strong></span> <span class='ocrx_word' id='word_1_54' title='bbox 592 1304 640 1370; x_wconf 93' lang='lat' dir='ltr'><strong>bis</strong></span> <span class='ocrx_word' id='word_1_55' title='bbox 664 1304 746 1370; x_wconf 88' lang='lat' dir='ltr'><strong>enim</strong></span> <span class='ocrx_word' id='word_1_56' title='bbox 767 1304 835 1387; x_wconf 89' lang='lat' dir='ltr'><strong>Ipso</strong></span> <span class='ocrx_word' id='word_1_57' title='bbox 856 1304 1044 1371; x_wconf 88' lang='lat' dir='ltr'><strong>mentionem</strong></span> <span class='ocrx_word' id='word_1_58' title='bbox 1067 1303 1175 1388; x_wconf 90' lang='lat' dir='ltr'><strong>injecit</strong></span> <span class='ocrx_word' id='word_1_59' title='bbox 1196 1303 1398 1386; x_wconf 87' lang='lat' dir='ltr'><strong>scriptorum,</strong></span> <span class='ocrx_word' id='word_1_60' title='bbox 1420 1299 1474 1384; x_wconf 87' lang='lat' dir='ltr'><strong>qui</strong></span> <span class='ocrx_word' id='word_1_61' title='bbox 1496 1300 1535 1366; x_wconf 90' lang='lat' dir='ltr'><strong>do</strong></span> 
     </span>
     <span class='ocr_line' id='line_1_8' title="bbox 318 1411 1536 1504; baseline -0.006 -21"><span class='ocrx_word' id='word_1_62' title='bbox 318 1420 386 1483; x_wconf 79' lang='lat' dir='ltr'><strong>arte</strong></span> <span class='ocrx_word' id='word_1_63' title='bbox 406 1414 540 1499; x_wconf 76' lang='lat' dir='ltr'><strong>plastica</strong></span> <span class='ocrx_word' id='word_1_64' title='bbox 560 1416 710 1498; x_wconf 79' lang='lat' dir='ltr'><strong>agebant:</strong></span> <span class='ocrx_word' id='word_1_65' title='bbox 734 1415 770 1495; x_wconf 88' lang='lat' dir='ltr'><strong>V,</strong></span> <span class='ocrx_word' id='word_1_66' title='bbox 800 1416 859 1496; x_wconf 89' lang='grc'><strong>20,</strong></span> <span class='ocrx_word' id='word_1_67' title='bbox 888 1416 907 1478; x_wconf 91' lang='grc'>2</span> <span class='ocrx_word' id='word_1_68' title='bbox 930 1415 957 1478; x_wconf 88' lang='grc' dir='ltr'><strong>σί</strong></span> <span class='ocrx_word' id='word_1_69' title='bbox 979 1414 1333 1504; x_wconf 73' lang='grc' dir='ltr'><em>πολυπραγμονήσαντες</em></span> <span class='ocrx_word' id='word_1_70' title='bbox 1353 1411 1476 1499; x_wconf 77' lang='grc' dir='ltr'><em>σπουδῇ</em></span> <span class='ocrx_word' id='word_1_71' title='bbox 1498 1412 1536 1476; x_wconf 86' lang='grc' dir='ltr'><strong>τὰ</strong></span> 
     </span>
     <span class='ocr_line' id='line_1_9' title="bbox 318 1520 1534 1615; baseline -0.005 -23"><span class='ocrx_word' id='word_1_72' title='bbox 318 1528 352 1598; x_wconf 82' lang='grc' dir='ltr'><strong>ἐς</strong></span> <span class='ocrx_word' id='word_1_73' title='bbox 375 1527 447 1598; x_wconf 88' lang='grc' dir='ltr'><em>τούς</em></span> <span class='ocrx_word' id='word_1_74' title='bbox 467 1526 606 1598; x_wconf 78' lang='grc' dir='ltr'><em>πλάστας</em></span> <span class='ocrx_word' id='word_1_75' title='bbox 625 1532 659 1594; x_wconf 83' lang='lat' dir='ltr'><strong>et</strong></span> <span class='ocrx_word' id='word_1_76' title='bbox 678 1528 716 1609; x_wconf 89' lang='lat' dir='ltr'><strong>V,</strong></span> <span class='ocrx_word' id='word_1_77' title='bbox 737 1527 788 1610; x_wconf 87' lang='grc'><strong>23,</strong></span> <span class='ocrx_word' id='word_1_78' title='bbox 812 1527 831 1592; x_wconf 87' lang='lat'><strong>3</strong></span> <span class='ocrx_word' id='word_1_79' title='bbox 854 1528 882 1590; x_wconf 88' lang='grc' dir='ltr'><strong>υί</strong></span> <span class='ocrx_word' id='word_1_80' title='bbox 904 1528 1143 1615; x_wconf 74' lang='grc' dir='ltr'><em>συγγράψαντες</em></span> <span class='ocrx_word' id='word_1_81' title='bbox 1163 1525 1200 1590; x_wconf 86' lang='grc' dir='ltr'><strong>τύ</strong></span> <span class='ocrx_word' id='word_1_82' title='bbox 1222 1525 1257 1597; x_wconf 84' lang='grc' dir='ltr'><strong>ἐς</strong></span> <span class='ocrx_word' id='word_1_83' title='bbox 1278 1523 1415 1594; x_wconf 80' lang='grc' dir='ltr'><em>πλάστας</em></span> <span class='ocrx_word' id='word_1_84' title='bbox 1441 1520 1534 1606; x_wconf 86' lang='grc' dir='ltr'><em>(Πλα-</em></span> 
     </span>
     <span class='ocr_line' id='line_1_10' title="bbox 320 1637 1536 1723; baseline -0.002 -19"><span class='ocrx_word' id='word_1_85' title='bbox 320 1640 408 1711; x_wconf 81' lang='grc' dir='ltr'><em>ταιάς</em></span> <span class='ocrx_word' id='word_1_86' title='bbox 428 1638 498 1705; x_wconf 88' lang='lat' dir='ltr'><strong>edd.</strong></span> <span class='ocrx_word' id='word_1_87' title='bbox 523 1638 636 1723; x_wconf 82' lang='lat' dir='ltr'><strong>codd),</strong></span> <span class='ocrx_word' id='word_1_88' title='bbox 659 1639 773 1722; x_wconf 91' lang='lat' dir='ltr'><strong>quibus</strong></span> <span class='ocrx_word' id='word_1_89' title='bbox 795 1638 920 1723; x_wconf 86' lang='lat' dir='ltr'><strong>quidam</strong></span> <span class='ocrx_word' id='word_1_90' title='bbox 942 1658 1004 1706; x_wconf 92' lang='lat' dir='ltr'><strong>nou</strong></span> <span class='ocrx_word' id='word_1_91' title='bbox 1025 1639 1073 1707; x_wconf 87' lang='lat' dir='ltr'><strong>bIs</strong></span> <span class='ocrx_word' id='word_1_92' title='bbox 1095 1643 1220 1706; x_wconf 87' lang='lat' dir='ltr'><strong>tantum</strong></span> <span class='ocrx_word' id='word_1_93' title='bbox 1234 1637 1421 1705; x_wconf 83' lang='lat' dir='ltr'><strong>PausanIam</strong></span> <span class='ocrx_word' id='word_1_94' title='bbox 1443 1653 1536 1703; x_wconf 87' lang='lat' dir='ltr'><strong>usum</strong></span> 
     </span>
     <span class='ocr_line' id='line_1_11' title="bbox 319 1747 1535 1837; baseline -0.007 -19"><span class='ocrx_word' id='word_1_95' title='bbox 319 1769 388 1819; x_wconf 80' lang='lat' dir='ltr'><strong>esse</strong></span> <span class='ocrx_word' id='word_1_96' title='bbox 409 1769 465 1834; x_wconf 86' lang='lat' dir='ltr'><strong>per</strong></span> <span class='ocrx_word' id='word_1_97' title='bbox 487 1770 522 1818; x_wconf 84' lang='lat' dir='ltr'><strong>se</strong></span> <span class='ocrx_word' id='word_1_98' title='bbox 542 1755 640 1835; x_wconf 83' lang='lat' dir='ltr'><strong>patet,</strong></span> <span class='ocrx_word' id='word_1_99' title='bbox 664 1751 776 1818; x_wconf 83' lang='lat' dir='ltr'><strong>deinde</strong></span> <span class='ocrx_word' id='word_1_100' title='bbox 797 1750 966 1818; x_wconf 78' lang='lat' dir='ltr'><strong>tenendum</strong></span> <span class='ocrx_word' id='word_1_101' title='bbox 988 1756 1051 1826; x_wconf 72' lang='lat' dir='ltr'><strong>est,</strong></span> <span class='ocrx_word' id='word_1_102' title='bbox 1073 1749 1285 1833; x_wconf 65' lang='lat' dir='ltr'><strong>illuderemur,</strong></span> <span class='ocrx_word' id='word_1_103' title='bbox 1306 1747 1535 1837; x_wconf 78' lang='grc' dir='ltr'><em>μνημονεύουσι</em></span> 
     </span>
     <span class='ocr_line' id='line_1_12' title="bbox 319 1858 1536 1946; baseline -0.006 -16"><span class='ocrx_word' id='word_1_104' title='bbox 319 1883 381 1932; x_wconf 95' lang='lat' dir='ltr'><strong>non</strong></span> <span class='ocrx_word' id='word_1_105' title='bbox 403 1864 503 1930; x_wconf 92' lang='lat' dir='ltr'><strong>solum</strong></span> <span class='ocrx_word' id='word_1_106' title='bbox 526 1864 565 1930; x_wconf 88' lang='lat' dir='ltr'><strong>ab</strong></span> <span class='ocrx_word' id='word_1_107' title='bbox 589 1881 627 1930; x_wconf 90' lang='lat' dir='ltr'><strong>eo</strong></span> <span class='ocrx_word' id='word_1_108' title='bbox 649 1863 735 1931; x_wconf 85' lang='lat' dir='ltr'><strong>dicta</strong></span> <span class='ocrx_word' id='word_1_109' title='bbox 756 1880 826 1931; x_wconf 86' lang='lat' dir='ltr'><strong>essa</strong></span> <span class='ocrx_word' id='word_1_110' title='bbox 848 1863 955 1944; x_wconf 87' lang='lat' dir='ltr'><strong>iniis,</strong></span> <span class='ocrx_word' id='word_1_111' title='bbox 984 1881 1066 1946; x_wconf 90' lang='lat' dir='ltr'><strong>quae</strong></span> <span class='ocrx_word' id='word_1_112' title='bbox 1086 1860 1181 1928; x_wconf 86' lang='lat' dir='ltr'><strong>tando</strong></span> <span class='ocrx_word' id='word_1_113' title='bbox 1202 1861 1337 1943; x_wconf 88' lang='lat' dir='ltr'><strong>accepit,</strong></span> <span class='ocrx_word' id='word_1_114' title='bbox 1364 1859 1421 1926; x_wconf 90' lang='lat' dir='ltr'><strong>sed</strong></span> <span class='ocrx_word' id='word_1_115' title='bbox 1443 1858 1536 1926; x_wconf 88' lang='lat' dir='ltr'><strong>etiam</strong></span> 
     </span>
     <span class='ocr_line' id='line_1_13' title="bbox 320 1972 1536 2063; baseline -0.007 -19"><span class='ocrx_word' id='word_1_116' title='bbox 320 1996 402 2059; x_wconf 88' lang='lat' dir='ltr'><strong>quae</strong></span> <span class='ocrx_word' id='word_1_117' title='bbox 424 1997 462 2046; x_wconf 84' lang='lat' dir='ltr'><strong>ex</strong></span> <span class='ocrx_word' id='word_1_118' title='bbox 483 1979 608 2063; x_wconf 86' lang='lat' dir='ltr'><strong>scriptis</strong></span> <span class='ocrx_word' id='word_1_119' title='bbox 628 1977 748 2058; x_wconf 86' lang='lat' dir='ltr'><strong>hausit,</strong></span> <span class='ocrx_word' id='word_1_120' title='bbox 780 1976 863 2062; x_wconf 91' lang='lat' dir='ltr'><strong>quod</strong></span> <span class='ocrx_word' id='word_1_121' title='bbox 885 1977 1052 2061; x_wconf 85' lang='lat' dir='ltr'><strong>praecipue</strong></span> <span class='ocrx_word' id='word_1_122' title='bbox 1081 1975 1199 2052; x_wconf 89' lang='lat' dir='ltr'><strong>elucet,</strong></span> <span class='ocrx_word' id='word_1_123' title='bbox 1226 1973 1281 2041; x_wconf 92' lang='lat' dir='ltr'><strong>ubi</strong></span> <span class='ocrx_word' id='word_1_124' title='bbox 1310 1972 1391 2039; x_wconf 90' lang='lat' dir='ltr'><strong>duae</strong></span> <span class='ocrx_word' id='word_1_125' title='bbox 1417 1975 1536 2040; x_wconf 88' lang='lat' dir='ltr'><strong>contro·</strong></span> 
     </span>
     <span class='ocr_line' id='line_1_14' title="bbox 317 2089 838 2158; baseline -0.002 -2"><span class='ocrx_word' id='word_1_126' title='bbox 317 2109 428 2158; x_wconf 82' lang='lat' dir='ltr'><strong>versae</strong></span> <span class='ocrx_word' id='word_1_127' title='bbox 449 2091 623 2158; x_wconf 85' lang='lat' dir='ltr'><strong>sententiae</strong></span> <span class='ocrx_word' id='word_1_128' title='bbox 644 2089 838 2158; x_wconf 86' lang='lat' dir='ltr'><strong>referuntur:</strong></span> 
     </span>
    </p>

    <p class='ocr_par' dir='ltr' id='par_1_4' title="bbox 319 2191 1598 4519">
     <span class='ocr_line' id='line_1_15' title="bbox 402 2191 1538 2287; baseline -0.009 -18"><span class='ocrx_word' id='word_1_129' title='bbox 402 2203 445 2285; x_wconf 92' lang='grc' dir='ltr'><strong>ΙΙ,</strong></span> <span class='ocrx_word' id='word_1_130' title='bbox 470 2204 518 2284; x_wconf 83' lang='grc'>15,</span> <span class='ocrx_word' id='word_1_131' title='bbox 543 2205 559 2267; x_wconf 97' lang='grc'>1</span> <span class='ocrx_word' id='word_1_132' title='bbox 584 2191 711 2274; x_wconf 85' lang='grc' dir='ltr'><em>Σκύλλις</em></span> <span class='ocrx_word' id='word_1_133' title='bbox 732 2208 780 2268; x_wconf 83' lang='grc' dir='ltr'><strong>καὶ</strong></span> <span class='ocrx_word' id='word_1_134' title='bbox 801 2201 940 2272; x_wconf 89' lang='grc' dir='ltr'><em>Δίποινυς</em></span> <span class='ocrx_word' id='word_1_135' title='bbox 961 2251 968 2265; x_wconf 91' lang='grc'>.</span> <span class='ocrx_word' id='word_1_136' title='bbox 990 2249 997 2264; x_wconf 90' lang='grc'><strong>.</strong></span> <span class='ocrx_word' id='word_1_137' title='bbox 1021 2248 1028 2264; x_wconf 93' lang='grc'><strong>.</strong></span> <span class='ocrx_word' id='word_1_138' title='bbox 1055 2198 1200 2287; x_wconf 82' lang='grc' dir='ltr'><em>μαύητὰς</em></span> <span class='ocrx_word' id='word_1_139' title='bbox 1222 2199 1259 2262; x_wconf 82' lang='grc' dir='ltr'><strong>δὲ</strong></span> <span class='ocrx_word' id='word_1_140' title='bbox 1289 2197 1364 2262; x_wconf 76' lang='grc' dir='ltr'><em>εἶναι</em></span> <span class='ocrx_word' id='word_1_141' title='bbox 1385 2195 1538 2260; x_wconf 81' lang='grc' dir='ltr'><em>Δαιδάλου</em></span> 
     </span>
     <span class='ocr_line' id='line_1_16' title="bbox 319 2310 1539 2403; baseline -0.007 -23"><span class='ocrx_word' id='word_1_142' title='bbox 319 2320 421 2403; x_wconf 84' lang='grc' dir='ltr'><em>σφᾶς,</em></span> <span class='ocrx_word' id='word_1_143' title='bbox 449 2316 477 2378; x_wconf 81' lang='grc' dir='ltr'><strong>σί</strong></span> <span class='ocrx_word' id='word_1_144' title='bbox 500 2315 607 2383; x_wconf 76' lang='grc' dir='ltr'><em>δὲκαὶ</em></span> <span class='ocrx_word' id='word_1_145' title='bbox 628 2319 754 2397; x_wconf 82' lang='grc' dir='ltr'><em>γυναῖκα</em></span> <span class='ocrx_word' id='word_1_146' title='bbox 776 2315 811 2380; x_wconf 78' lang='grc' dir='ltr'><strong>ἐκ</strong></span> <span class='ocrx_word' id='word_1_147' title='bbox 834 2313 990 2401; x_wconf 85' lang='grc' dir='ltr'><em>Γόρτυνος</em></span> <span class='ocrx_word' id='word_1_148' title='bbox 1013 2310 1156 2378; x_wconf 72' lang='grc' dir='ltr'><em>ἐθέλουσι</em></span> <span class='ocrx_word' id='word_1_149' title='bbox 1183 2313 1291 2396; x_wconf 81' lang='grc' dir='ltr'><em>λαβεῖν</em></span> <span class='ocrx_word' id='word_1_150' title='bbox 1313 2310 1464 2376; x_wconf 81' lang='grc' dir='ltr'><em>Δαίδαλον</em></span> <span class='ocrx_word' id='word_1_151' title='bbox 1492 2311 1539 2373; x_wconf 88' lang='grc' dir='ltr'><em>καλ</em></span> 
     </span>
     <span class='ocr_line' id='line_1_17' title="bbox 320 2419 1538 2517; baseline -0.006 -24"><span class='ocrx_word' id='word_1_152' title='bbox 320 2429 372 2493; x_wconf 82' lang='grc' dir='ltr'><strong>τὸν</strong></span> <span class='ocrx_word' id='word_1_153' title='bbox 393 2427 532 2492; x_wconf 79' lang='grc' dir='ltr'><em>Δίποινον</em></span> <span class='ocrx_word' id='word_1_154' title='bbox 560 2429 608 2492; x_wconf 82' lang='grc' dir='ltr'><strong>καί</strong></span> <span class='ocrx_word' id='word_1_155' title='bbox 633 2427 759 2492; x_wconf 81' lang='grc' dir='ltr'><em>Σκύλλιν</em></span> <span class='ocrx_word' id='word_1_156' title='bbox 789 2427 823 2492; x_wconf 82' lang='grc' dir='ltr'><strong>ἐκ</strong></span> <span class='ocrx_word' id='word_1_157' title='bbox 850 2433 906 2517; x_wconf 78' lang='grc' dir='ltr'><strong>τῆς</strong></span> <span class='ocrx_word' id='word_1_158' title='bbox 933 2427 1077 2512; x_wconf 87' lang='grc' dir='ltr'><em>γυναικός</em></span> <span class='ocrx_word' id='word_1_159' title='bbox 1106 2429 1134 2490; x_wconf 82' lang='lat' dir='ltr'><strong>oi</strong></span> <span class='ocrx_word' id='word_1_160' title='bbox 1163 2425 1276 2513; x_wconf 83' lang='grc' dir='ltr'><em>ταύτης</em></span> <span class='ocrx_word' id='word_1_161' title='bbox 1304 2419 1451 2507; x_wconf 77' lang='grc' dir='ltr'><em>γενέσθαι</em></span> <span class='ocrx_word' id='word_1_162' title='bbox 1479 2420 1538 2499; x_wconf 91' lang='lat' dir='ltr'><strong>III,</strong></span> 
     </span>
     <span class='ocr_line' id='line_1_18' title="bbox 321 2530 1538 2636; baseline -0.008 -32"><span class='ocrx_word' id='word_1_163' title='bbox 321 2542 371 2636; x_wconf 69' lang='lat'><strong>17,</strong></span> <span class='ocrx_word' id='word_1_164' title='bbox 393 2541 413 2604; x_wconf 89' lang='grc'><strong>6</strong></span> <span class='ocrx_word' id='word_1_165' title='bbox 437 2537 666 2628; x_wconf 81' lang='grc' dir='ltr'><em>Κλέαρχος...</em></span> <span class='ocrx_word' id='word_1_166' title='bbox 690 2538 725 2603; x_wconf 79' lang='lat' dir='ltr'><strong>du</strong></span> <span class='ocrx_word' id='word_1_167' title='bbox 746 2538 884 2604; x_wconf 83' lang='grc' dir='ltr'><em>Διποίνου</em></span> <span class='ocrx_word' id='word_1_168' title='bbox 908 2541 955 2602; x_wconf 83' lang='grc' dir='ltr'><strong>καί</strong></span> <span class='ocrx_word' id='word_1_169' title='bbox 975 2536 1143 2608; x_wconf 80' lang='grc' dir='ltr'><em>Σκύλλιδος</em></span> <span class='ocrx_word' id='word_1_170' title='bbox 1163 2538 1191 2600; x_wconf 78' lang='lat' dir='ltr'><strong>oi</strong></span> <span class='ocrx_word' id='word_1_171' title='bbox 1214 2535 1250 2600; x_wconf 76' lang='lat' dir='ltr'><strong>de</strong></span> <span class='ocrx_word' id='word_1_172' title='bbox 1272 2534 1365 2598; x_wconf 82' lang='grc' dir='ltr'><em>αὐτοῦ</em></span> <span class='ocrx_word' id='word_1_173' title='bbox 1385 2530 1538 2596; x_wconf 79' lang='grc' dir='ltr'><em>Δαιδάλου</em></span> 
     </span>
     <span class='ocr_line' id='line_1_19' title="bbox 320 2644 1538 2739; baseline -0.004 -23"><span class='ocrx_word' id='word_1_174' title='bbox 320 2653 413 2738; x_wconf 78' lang='grc' dir='ltr'><em>φασὶν</em></span> <span class='ocrx_word' id='word_1_175' title='bbox 436 2651 511 2715; x_wconf 77' lang='grc' dir='ltr'><em>εἶναι</em></span> <span class='ocrx_word' id='word_1_176' title='bbox 530 2647 685 2739; x_wconf 76' lang='grc' dir='ltr'><em>μαθητήν.</em></span> <span class='ocrx_word' id='word_1_177' title='bbox 730 2651 778 2716; x_wconf 82' lang='lat' dir='ltr'><strong>Ex</strong></span> <span class='ocrx_word' id='word_1_178' title='bbox 799 2650 849 2716; x_wconf 88' lang='lat' dir='ltr'><strong>his</strong></span> <span class='ocrx_word' id='word_1_179' title='bbox 875 2649 973 2732; x_wconf 84' lang='lat' dir='ltr'><strong>igitur</strong></span> <span class='ocrx_word' id='word_1_180' title='bbox 1001 2649 1040 2718; x_wconf 90' lang='lat' dir='ltr'><strong>de</strong></span> <span class='ocrx_word' id='word_1_181' title='bbox 1068 2655 1136 2716; x_wconf 86' lang='lat' dir='ltr'><strong>arto</strong></span> <span class='ocrx_word' id='word_1_182' title='bbox 1164 2647 1297 2732; x_wconf 87' lang='lat' dir='ltr'><strong>plastIca</strong></span> <span class='ocrx_word' id='word_1_183' title='bbox 1325 2644 1538 2729; x_wconf 77' lang='lat' dir='ltr'><strong>scriptoribus,</strong></span> 
     </span>
     <span class='ocr_line' id='line_1_20' title="bbox 320 2753 1540 2845; baseline -0.006 -16"><span class='ocrx_word' id='word_1_184' title='bbox 320 2781 453 2845; x_wconf 91' lang='lat' dir='ltr'><strong>quorum</strong></span> <span class='ocrx_word' id='word_1_185' title='bbox 478 2761 551 2829; x_wconf 90' lang='lat' dir='ltr'><strong>libri</strong></span> <span class='ocrx_word' id='word_1_186' title='bbox 580 2760 715 2828; x_wconf 86' lang='lat' dir='ltr'><strong>tortasse</strong></span> <span class='ocrx_word' id='word_1_187' title='bbox 743 2762 919 2828; x_wconf 85' lang='lat' dir='ltr'><strong>litterarum</strong></span> <span class='ocrx_word' id='word_1_188' title='bbox 949 2761 1058 2827; x_wconf 88' lang='lat' dir='ltr'><strong>ordine</strong></span> <span class='ocrx_word' id='word_1_189' title='bbox 1086 2759 1230 2844; x_wconf 81' lang='lat' dir='ltr'><strong>dispositi</strong></span> <span class='ocrx_word' id='word_1_190' title='bbox 1260 2761 1369 2834; x_wconf 88' lang='lat' dir='ltr'><strong>erant,</strong></span> <span class='ocrx_word' id='word_1_191' title='bbox 1398 2756 1461 2822; x_wconf 91' lang='lat' dir='ltr'><strong>tria</strong></span> <span class='ocrx_word' id='word_1_192' title='bbox 1487 2753 1540 2822; x_wconf 89' lang='lat' dir='ltr'><strong>illa</strong></span> 
     </span>
     <span class='ocr_line' id='line_1_21' title="bbox 319 2867 1539 2960; baseline -0.005 -18"><span class='ocrx_word' id='word_1_193' title='bbox 319 2874 482 2942; x_wconf 90' lang='lat' dir='ltr'><strong>sollemnia</strong></span> <span class='ocrx_word' id='word_1_194' title='bbox 502 2873 633 2953; x_wconf 90' lang='lat' dir='ltr'><strong>indicia,</strong></span> <span class='ocrx_word' id='word_1_195' title='bbox 658 2891 739 2955; x_wconf 88' lang='lat' dir='ltr'><strong>quae</strong></span> <span class='ocrx_word' id='word_1_196' title='bbox 760 2873 873 2960; x_wconf 81' lang='lat' dir='ltr'><strong>afferre</strong></span> <span class='ocrx_word' id='word_1_197' title='bbox 894 2876 1019 2939; x_wconf 88' lang='lat' dir='ltr'><strong>tautum</strong></span> <span class='ocrx_word' id='word_1_198' title='bbox 1041 2870 1184 2938; x_wconf 82' lang='lat' dir='ltr'><strong>interfuit</strong></span> <span class='ocrx_word' id='word_1_199' title='bbox 1204 2870 1393 2937; x_wconf 84' lang='lat' dir='ltr'><strong>Pausaniae:</strong></span> <span class='ocrx_word' id='word_1_200' title='bbox 1422 2867 1539 2952; x_wconf 78' lang='grc' dir='ltr'><em>πατρίς.</em></span> 
     </span>
     <span class='ocr_line' id='line_1_22' title="bbox 319 2979 1538 3080; baseline -0.005 -32"><span class='ocrx_word' id='word_1_201' title='bbox 319 2984 432 3073; x_wconf 63' lang='lat' dir='ltr'><strong>pirata,</strong></span> <span class='ocrx_word' id='word_1_202' title='bbox 455 2983 641 3080; x_wconf 79' lang='grc' dir='ltr'><em>διδάσκαλος</em></span> <span class='ocrx_word' id='word_1_203' title='bbox 667 2982 704 3051; x_wconf 87' lang='lat' dir='ltr'><strong>ct.</strong></span> <span class='ocrx_word' id='word_1_204' title='bbox 729 2985 787 3059; x_wconf 92' lang='lat' dir='ltr'><strong>III,</strong></span> <span class='ocrx_word' id='word_1_205' title='bbox 812 2984 860 3062; x_wconf 91' lang='lat'><strong>18,</strong></span> <span class='ocrx_word' id='word_1_206' title='bbox 883 2985 913 3049; x_wconf 88' lang='lat'><strong>9.</strong></span> <span class='ocrx_word' id='word_1_207' title='bbox 953 2984 990 3063; x_wconf 89' lang='lat' dir='ltr'><strong>V,</strong></span> <span class='ocrx_word' id='word_1_208' title='bbox 1012 2984 1063 3064; x_wconf 91' lang='lat'><strong>22,</strong></span> <span class='ocrx_word' id='word_1_209' title='bbox 1087 2984 1115 3048; x_wconf 88' lang='lat'><strong>5.</strong></span> <span class='ocrx_word' id='word_1_210' title='bbox 1146 2983 1197 3064; x_wconf 87' lang='lat'><strong>23,</strong></span> <span class='ocrx_word' id='word_1_211' title='bbox 1220 2985 1249 3047; x_wconf 86' lang='lat'><strong>5.</strong></span> <span class='ocrx_word' id='word_1_212' title='bbox 1281 2982 1332 3062; x_wconf 88' lang='lat'><strong>25,</strong></span> <span class='ocrx_word' id='word_1_213' title='bbox 1356 2983 1405 3045; x_wconf 91' lang='grc'><strong>11.</strong></span> <span class='ocrx_word' id='word_1_214' title='bbox 1435 2980 1487 3060; x_wconf 91' lang='grc'><strong>26,</strong></span> <span class='ocrx_word' id='word_1_215' title='bbox 1509 2979 1538 3042; x_wconf 88' lang='grc'><strong>2.</strong></span> 
     </span>
     <span class='ocr_line' id='line_1_23' title="bbox 319 3095 1540 3180; baseline -0.003 -19"><span class='ocrx_word' id='word_1_216' title='bbox 319 3096 415 3176; x_wconf 90' lang='lat' dir='ltr'>VIII,</span> <span class='ocrx_word' id='word_1_217' title='bbox 438 3095 497 3176; x_wconf 86' lang='lat'><strong>53,</strong></span> <span class='ocrx_word' id='word_1_218' title='bbox 519 3097 548 3159; x_wconf 84' lang='grc'><strong>7.</strong></span> <span class='ocrx_word' id='word_1_219' title='bbox 594 3096 644 3162; x_wconf 86' lang='lat' dir='ltr'><strong>Ita</strong></span> <span class='ocrx_word' id='word_1_220' title='bbox 666 3096 842 3178; x_wconf 84' lang='lat' dir='ltr'><strong>periegeta,</strong></span> <span class='ocrx_word' id='word_1_221' title='bbox 872 3097 899 3162; x_wconf 94' lang='lat' dir='ltr'><strong>si</strong></span> <span class='ocrx_word' id='word_1_222' title='bbox 928 3097 1018 3180; x_wconf 76' lang='lat' dir='ltr'><strong>quus</strong></span> <span class='ocrx_word' id='word_1_223' title='bbox 1048 3097 1150 3179; x_wconf 89' lang='lat' dir='ltr'><strong>operis</strong></span> <span class='ocrx_word' id='word_1_224' title='bbox 1179 3099 1338 3161; x_wconf 85' lang='lat' dir='ltr'><strong>auctorem</strong></span> <span class='ocrx_word' id='word_1_225' title='bbox 1368 3097 1540 3173; x_wconf 77' lang='lat' dir='ltr'><strong>acceperat,</strong></span> 
     </span>
     <span class='ocr_line' id='line_1_24' title="bbox 320 3203 1541 3291; baseline -0.004 -19"><span class='ocrx_word' id='word_1_226' title='bbox 320 3207 417 3274; x_wconf 87' lang='lat' dir='ltr'><strong>libros</strong></span> <span class='ocrx_word' id='word_1_227' title='bbox 438 3205 507 3273; x_wconf 88' lang='lat' dir='ltr'><strong>illos</strong></span> <span class='ocrx_word' id='word_1_228' title='bbox 529 3207 654 3288; x_wconf 79' lang='lat' dir='ltr'><strong>enotuit,</strong></span> <span class='ocrx_word' id='word_1_229' title='bbox 677 3212 710 3274; x_wconf 89' lang='lat' dir='ltr'><strong>et</strong></span> <span class='ocrx_word' id='word_1_230' title='bbox 731 3207 814 3288; x_wconf 90' lang='lat' dir='ltr'><strong>quod</strong></span> <span class='ocrx_word' id='word_1_231' title='bbox 837 3207 976 3291; x_wconf 88' lang='lat' dir='ltr'><strong>repperit</strong></span> <span class='ocrx_word' id='word_1_232' title='bbox 998 3207 1131 3274; x_wconf 86' lang='lat' dir='ltr'><strong>addidit:</strong></span> <span class='ocrx_word' id='word_1_233' title='bbox 1148 3208 1214 3289; x_wconf 91' lang='lat' dir='ltr'><strong>jam</strong></span> <span class='ocrx_word' id='word_1_234' title='bbox 1231 3203 1443 3288; x_wconf 85' lang='lat' dir='ltr'><strong>InteIIIgimns,</strong></span> <span class='ocrx_word' id='word_1_235' title='bbox 1465 3203 1541 3286; x_wconf 92' lang='lat' dir='ltr'><strong>quid</strong></span> 
     </span>
     <span class='ocr_line' id='line_1_25' title="bbox 321 3315 1542 3408; baseline -0.007 -22"><span class='ocrx_word' id='word_1_236' title='bbox 321 3319 381 3387; x_wconf 84' lang='lat' dir='ltr'><strong>sibi</strong></span> <span class='ocrx_word' id='word_1_237' title='bbox 402 3318 500 3385; x_wconf 80' lang='lat' dir='ltr'><strong>velint</strong></span> <span class='ocrx_word' id='word_1_238' title='bbox 522 3319 559 3396; x_wconf 91' lang='lat' dir='ltr'><strong>V,</strong></span> <span class='ocrx_word' id='word_1_239' title='bbox 582 3320 633 3399; x_wconf 84' lang='lat'><strong>24,</strong></span> <span class='ocrx_word' id='word_1_240' title='bbox 658 3321 674 3381; x_wconf 90' lang='lat'>1</span> <span class='ocrx_word' id='word_1_241' title='bbox 703 3317 827 3383; x_wconf 87' lang='grc' dir='ltr'><em>Μούσου</em></span> <span class='ocrx_word' id='word_1_242' title='bbox 850 3318 976 3406; x_wconf 86' lang='grc' dir='ltr'><em>ποίημα,</em></span> <span class='ocrx_word' id='word_1_243' title='bbox 998 3319 1084 3390; x_wconf 77' lang='grc' dir='ltr'><em>ὅστις</em></span> <span class='ocrx_word' id='word_1_244' title='bbox 1104 3317 1143 3408; x_wconf 73' lang='grc' dir='ltr'><strong>(1η</strong></span> <span class='ocrx_word' id='word_1_245' title='bbox 1166 3315 1258 3388; x_wconf 83' lang='grc' dir='ltr'><em>οὗτός</em></span> <span class='ocrx_word' id='word_1_246' title='bbox 1279 3315 1360 3382; x_wconf 82' lang='grc' dir='ltr'><em>ἐστιν</em></span> <span class='ocrx_word' id='word_1_247' title='bbox 1383 3315 1542 3384; x_wconf 82' lang='grc' dir='ltr'><em>ύΜούσος</em></span> 
     </span>
     <span class='ocr_line' id='line_1_26' title="bbox 321 3427 1541 3518; baseline -0.005 -22"><span class='ocrx_word' id='word_1_248' title='bbox 321 3435 354 3497; x_wconf 78' lang='lat' dir='ltr'><strong>et</strong></span> <span class='ocrx_word' id='word_1_249' title='bbox 374 3431 419 3509; x_wconf 84' lang='lat' dir='ltr'><strong>X,</strong></span> <span class='ocrx_word' id='word_1_250' title='bbox 449 3431 503 3510; x_wconf 89' lang='lat'><strong>18,</strong></span> <span class='ocrx_word' id='word_1_251' title='bbox 531 3430 551 3493; x_wconf 87' lang='lat'>6</span> <span class='ocrx_word' id='word_1_252' title='bbox 585 3429 755 3515; x_wconf 82' lang='grc' dir='ltr'><em>Τισαγόρου</em></span> <span class='ocrx_word' id='word_1_253' title='bbox 786 3435 820 3494; x_wconf 85' lang='grc' dir='ltr'><strong>τὸ</strong></span> <span class='ocrx_word' id='word_1_254' title='bbox 850 3429 959 3516; x_wconf 82' lang='grc' dir='ltr'><em>ἔργον,</em></span> <span class='ocrx_word' id='word_1_255' title='bbox 989 3431 1074 3501; x_wconf 86' lang='grc' dir='ltr'><em>ύστις</em></span> <span class='ocrx_word' id='word_1_256' title='bbox 1101 3429 1140 3518; x_wconf 78' lang='grc' dir='ltr'><strong>δὴ</strong></span> <span class='ocrx_word' id='word_1_257' title='bbox 1167 3430 1186 3492; x_wconf 76' lang='lat' dir='ltr'><strong>o</strong></span> <span class='ocrx_word' id='word_1_258' title='bbox 1213 3428 1398 3514; x_wconf 80' lang='grc' dir='ltr'><em>Τισαγόρας,</em></span> <span class='ocrx_word' id='word_1_259' title='bbox 1428 3427 1541 3507; x_wconf 81' lang='lat' dir='ltr'><strong>quibus</strong></span> 
     </span>
     <span class='ocr_line' id='line_1_27' title="bbox 321 3538 1540 3628; baseline -0.006 -20"><span class='ocrx_word' id='word_1_260' title='bbox 321 3561 468 3626; x_wconf 82' lang='lat' dir='ltr'><strong>compara</strong></span> <span class='ocrx_word' id='word_1_261' title='bbox 488 3541 577 3622; x_wconf 78' lang='lat' dir='ltr'><strong>haec,</strong></span> <span class='ocrx_word' id='word_1_262' title='bbox 601 3560 683 3624; x_wconf 81' lang='lat' dir='ltr'><strong>quae</strong></span> <span class='ocrx_word' id='word_1_263' title='bbox 704 3547 779 3609; x_wconf 82' lang='lat' dir='ltr'><strong>sunt</strong></span> <span class='ocrx_word' id='word_1_264' title='bbox 800 3544 831 3607; x_wconf 90' lang='lat' dir='ltr'><strong>in</strong></span> <span class='ocrx_word' id='word_1_265' title='bbox 852 3543 893 3622; x_wconf 92' lang='lat' dir='ltr'><strong>ll,</strong></span> <span class='ocrx_word' id='word_1_266' title='bbox 920 3544 949 3620; x_wconf 82' lang='lat'><strong>7,</strong></span> <span class='ocrx_word' id='word_1_267' title='bbox 970 3544 989 3605; x_wconf 87' lang='lat'><strong>2</strong></span> <span class='ocrx_word' id='word_1_268' title='bbox 1012 3542 1113 3606; x_wconf 83' lang='grc' dir='ltr'><em>Λύκου</em></span> <span class='ocrx_word' id='word_1_269' title='bbox 1135 3539 1309 3628; x_wconf 76' lang='grc' dir='ltr'><em>Μεσσηνίου</em></span> <span class='ocrx_word' id='word_1_270' title='bbox 1329 3541 1438 3627; x_wconf 83' lang='grc' dir='ltr'><em>μνῆμά</em></span> <span class='ocrx_word' id='word_1_271' title='bbox 1458 3538 1540 3602; x_wconf 81' lang='grc' dir='ltr'><em>ἐστιν</em></span> 
     </span>
     <span class='ocr_line' id='line_1_28' title="bbox 321 3651 1542 3742; baseline -0.001 -26"><span class='ocrx_word' id='word_1_272' title='bbox 321 3656 406 3724; x_wconf 75' lang='grc' dir='ltr'><em>ὅστις</em></span> <span class='ocrx_word' id='word_1_273' title='bbox 428 3652 466 3742; x_wconf 81' lang='grc' dir='ltr'><strong>δὴ</strong></span> <span class='ocrx_word' id='word_1_274' title='bbox 489 3651 617 3724; x_wconf 83' lang='grc' dir='ltr'><em>αύτοςύ</em></span> <span class='ocrx_word' id='word_1_275' title='bbox 639 3653 755 3724; x_wconf 89' lang='grc' dir='ltr'><em>Δύκυς·</em></span> <span class='ocrx_word' id='word_1_276' title='bbox 784 3653 819 3718; x_wconf 86' lang='grc' dir='ltr'><strong>ού</strong></span> <span class='ocrx_word' id='word_1_277' title='bbox 842 3657 904 3739; x_wconf 89' lang='grc' dir='ltr'><strong>γάρ</strong></span> <span class='ocrx_word' id='word_1_278' title='bbox 935 3677 999 3718; x_wconf 90' lang='grc' dir='ltr'><em>τινα</em></span> <span class='ocrx_word' id='word_1_279' title='bbox 1028 3653 1162 3740; x_wconf 82' lang='grc' dir='ltr'><em>εὑρίσκω</em></span> <span class='ocrx_word' id='word_1_280' title='bbox 1190 3654 1235 3736; x_wconf 84' lang='lat' dir='ltr'><strong>(in</strong></span> <span class='ocrx_word' id='word_1_281' title='bbox 1258 3651 1542 3736; x_wconf 75' lang='lat' dir='ltr'><strong>Olympionicarum</strong></span> 
     </span>
     <span class='ocr_line' id='line_1_29' title="bbox 320 3761 1542 3854; baseline -0.006 -21"><span class='ocrx_word' id='word_1_282' title='bbox 320 3765 474 3833; x_wconf 85' lang='lat' dir='ltr'><strong>indicibus</strong></span> <span class='ocrx_word' id='word_1_283' title='bbox 501 3764 539 3832; x_wconf 83' lang='lat' dir='ltr'><strong>cf.</strong></span> <span class='ocrx_word' id='word_1_284' title='bbox 564 3764 629 3845; x_wconf 92' lang='grc' dir='ltr'>ΙΙΙ,</span> <span class='ocrx_word' id='word_1_285' title='bbox 656 3765 714 3845; x_wconf 92' lang='grc'>21,</span> <span class='ocrx_word' id='word_1_286' title='bbox 744 3767 772 3828; x_wconf 91' lang='lat' dir='ltr'><strong>l.</strong></span> <span class='ocrx_word' id='word_1_287' title='bbox 803 3765 863 3847; x_wconf 87' lang='lat' dir='ltr'><strong>Vl,</strong></span> <span class='ocrx_word' id='word_1_288' title='bbox 888 3765 943 3848; x_wconf 86' lang='lat'><strong>13,</strong></span> <span class='ocrx_word' id='word_1_289' title='bbox 968 3765 1032 3850; x_wconf 87' lang='lat'><strong>10.)</strong></span> <span class='ocrx_word' id='word_1_290' title='bbox 1064 3765 1238 3853; x_wconf 80' lang='grc' dir='ltr'><em>Μεσσήνιον</em></span> <span class='ocrx_word' id='word_1_291' title='bbox 1266 3764 1446 3854; x_wconf 74' lang='grc' dir='ltr'><em>ἀσκήσαντα</em></span> <span class='ocrx_word' id='word_1_292' title='bbox 1474 3761 1542 3827; x_wconf 84' lang='grc' dir='ltr'><em>πίν-</em></span> 
     </span>
     <span class='ocr_line' id='line_1_30' title="bbox 322 3873 1598 3966; baseline 0.001 -25"><span class='ocrx_word' id='word_1_293' title='bbox 322 3874 436 3941; x_wconf 81' lang='grc' dir='ltr'><em>ταύλυν</em></span> <span class='ocrx_word' id='word_1_294' title='bbox 458 3876 531 3941; x_wconf 74' lang='lat' dir='ltr'><strong>odet</strong></span> <span class='ocrx_word' id='word_1_295' title='bbox 542 3873 718 3966; x_wconf 71' lang='grc' dir='ltr'><em>Ὀλυμπικὴν</em></span> <span class='ocrx_word' id='word_1_296' title='bbox 741 3876 937 3964; x_wconf 84' lang='grc' dir='ltr'><em>άνηρημένον</em></span> <span class='ocrx_word' id='word_1_297' title='bbox 957 3875 1047 3964; x_wconf 88' lang='grc' dir='ltr'><em>νίκην.</em></span> <span class='ocrx_word' id='word_1_298' title='bbox 1083 3877 1133 3944; x_wconf 81' lang='lat' dir='ltr'><strong>lca</strong></span> <span class='ocrx_word' id='word_1_299' title='bbox 1148 3895 1223 3943; x_wconf 81' lang='lat' dir='ltr'><strong>sune</strong></span> <span class='ocrx_word' id='word_1_300' title='bbox 1238 3876 1332 3942; x_wconf 82' lang='lat' dir='ltr'><strong>edam</strong></span> <span class='ocrx_word' id='word_1_301' title='bbox 1347 3875 1387 3942; x_wconf 88' lang='lat' dir='ltr'><strong>de</strong></span> <span class='ocrx_word' id='word_1_302' title='bbox 1401 3875 1493 3942; x_wconf 70' lang='lat' dir='ltr'><strong>Muto</strong></span> <span class='ocrx_word' id='word_1_303' title='bbox 1509 3880 1543 3942; x_wconf 77' lang='lat' dir='ltr'><strong>et</strong></span> <span class='ocrx_word' id='word_1_304' title='bbox 1592 3955 1598 3960; x_wconf 35' lang='grc'>,</span> 
     </span>
     <span class='ocr_line' id='line_1_31' title="bbox 321 3987 1542 4073; baseline 0.001 -19"><span class='ocrx_word' id='word_1_305' title='bbox 321 3989 472 4071; x_wconf 80' lang='lat' dir='ltr'><strong>Tisagora</strong></span> <span class='ocrx_word' id='word_1_306' title='bbox 486 3991 604 4073; x_wconf 88' lang='lat' dir='ltr'><strong>scripta</strong></span> <span class='ocrx_word' id='word_1_307' title='bbox 618 3988 827 4056; x_wconf 86' lang='lat' dir='ltr'><strong>consuluerat.</strong></span> <span class='ocrx_word' id='word_1_308' title='bbox 865 3989 955 4067; x_wconf 84' lang='lat' dir='ltr'><strong>Quod</strong></span> <span class='ocrx_word' id='word_1_309' title='bbox 970 4007 1044 4054; x_wconf 84' lang='lat' dir='ltr'><strong>vero</strong></span> <span class='ocrx_word' id='word_1_310' title='bbox 1059 3987 1240 4067; x_wconf 88' lang='lat' dir='ltr'><strong>Pausanias,</strong></span> <span class='ocrx_word' id='word_1_311' title='bbox 1262 4005 1342 4071; x_wconf 91' lang='lat' dir='ltr'><strong>quos</strong></span> <span class='ocrx_word' id='word_1_312' title='bbox 1358 3990 1455 4056; x_wconf 90' lang='lat' dir='ltr'><strong>libros</strong></span> <span class='ocrx_word' id='word_1_313' title='bbox 1475 4007 1542 4055; x_wconf 77' lang='lat' dir='ltr'><strong>sae</strong></span> 
     </span>
     <span class='ocr_line' id='line_1_32' title="bbox 322 4091 1542 4184; baseline 0.002 -18"><span class='ocrx_word' id='word_1_314' title='bbox 322 4102 393 4184; x_wconf 90' lang='lat' dir='ltr'><strong>pius</strong></span> <span class='ocrx_word' id='word_1_315' title='bbox 414 4101 567 4178; x_wconf 89' lang='lat' dir='ltr'><strong>adhibuit,</strong></span> <span class='ocrx_word' id='word_1_316' title='bbox 591 4101 639 4168; x_wconf 88' lang='lat' dir='ltr'><strong>bis</strong></span> <span class='ocrx_word' id='word_1_317' title='bbox 661 4104 782 4168; x_wconf 86' lang='lat' dir='ltr'><strong>tantum</strong></span> <span class='ocrx_word' id='word_1_318' title='bbox 800 4099 915 4168; x_wconf 85' lang='lat' dir='ltr'><strong>diserte</strong></span> <span class='ocrx_word' id='word_1_319' title='bbox 929 4100 1110 4182; x_wconf 85' lang='lat' dir='ltr'><strong>nominavit,</strong></span> <span class='ocrx_word' id='word_1_320' title='bbox 1132 4118 1192 4166; x_wconf 93' lang='lat' dir='ltr'><strong>non</strong></span> <span class='ocrx_word' id='word_1_321' title='bbox 1208 4099 1320 4167; x_wconf 90' lang='lat' dir='ltr'><strong>minum</strong></span> <span class='ocrx_word' id='word_1_322' title='bbox 1335 4101 1368 4167; x_wconf 83' lang='lat' dir='ltr'><strong>In</strong></span> <span class='ocrx_word' id='word_1_323' title='bbox 1382 4091 1542 4184; x_wconf 81' lang='lat' dir='ltr'><strong>scriptore,</strong></span> 
     </span>
     <span class='ocr_line' id='line_1_33' title="bbox 322 4211 1543 4296; baseline 0 -16"><span class='ocrx_word' id='word_1_324' title='bbox 322 4215 391 4296; x_wconf 90' lang='lat' dir='ltr'><strong>qui,</strong></span> <span class='ocrx_word' id='word_1_325' title='bbox 419 4231 489 4279; x_wconf 91' lang='lat' dir='ltr'><strong>cum</strong></span> <span class='ocrx_word' id='word_1_326' title='bbox 510 4212 663 4280; x_wconf 85' lang='lat' dir='ltr'><strong>Herodoti</strong></span> <span class='ocrx_word' id='word_1_327' title='bbox 686 4211 917 4296; x_wconf 88' lang='lat' dir='ltr'><strong>simplicitatem</strong></span> <span class='ocrx_word' id='word_1_328' title='bbox 946 4231 1066 4280; x_wconf 89' lang='lat' dir='ltr'><strong>summo</strong></span> <span class='ocrx_word' id='word_1_329' title='bbox 1095 4212 1200 4279; x_wconf 87' lang='lat' dir='ltr'><strong>studio</strong></span> <span class='ocrx_word' id='word_1_330' title='bbox 1228 4211 1421 4296; x_wconf 71' lang='lat' dir='ltr'><strong>auecureu,</strong></span> <span class='ocrx_word' id='word_1_331' title='bbox 1449 4214 1543 4282; x_wconf 87' lang='lat' dir='ltr'><strong>etium</strong></span> 
     </span>
     <span class='ocr_line' id='line_1_34' title="bbox 321 4326 1544 4410; baseline 0.003 -20"><span class='ocrx_word' id='word_1_332' title='bbox 321 4327 353 4393; x_wconf 92' lang='lat' dir='ltr'><strong>id</strong></span> <span class='ocrx_word' id='word_1_333' title='bbox 376 4327 455 4409; x_wconf 80' lang='lat' dir='ltr'><strong>agir,</strong></span> <span class='ocrx_word' id='word_1_334' title='bbox 482 4331 519 4392; x_wconf 90' lang='lat' dir='ltr'><strong>ut</strong></span> <span class='ocrx_word' id='word_1_335' title='bbox 540 4343 635 4406; x_wconf 90' lang='lat' dir='ltr'><strong>quam</strong></span> <span class='ocrx_word' id='word_1_336' title='bbox 656 4327 791 4410; x_wconf 90' lang='lat' dir='ltr'><strong>plurima</strong></span> <span class='ocrx_word' id='word_1_337' title='bbox 812 4335 868 4393; x_wconf 87' lang='lat' dir='ltr'><strong>aut</strong></span> <span class='ocrx_word' id='word_1_338' title='bbox 890 4326 983 4393; x_wconf 84' lang='lat' dir='ltr'><strong>fando</strong></span> <span class='ocrx_word' id='word_1_339' title='bbox 1014 4326 1171 4409; x_wconf 87' lang='lat' dir='ltr'><strong>accepIsse</strong></span> <span class='ocrx_word' id='word_1_340' title='bbox 1197 4331 1254 4393; x_wconf 90' lang='lat' dir='ltr'><strong>aut</strong></span> <span class='ocrx_word' id='word_1_341' title='bbox 1279 4327 1346 4408; x_wconf 91' lang='lat' dir='ltr'><strong>ipse</strong></span> <span class='ocrx_word' id='word_1_342' title='bbox 1373 4328 1544 4410; x_wconf 86' lang='lat' dir='ltr'><strong>conjecisse</strong></span> 
     </span>
     <span class='ocr_line' id='line_1_35' title="bbox 322 4437 1542 4519; baseline 0.002 -18"><span class='ocrx_word' id='word_1_343' title='bbox 322 4438 489 4504; x_wconf 86' lang='lat' dir='ltr'><strong>videretur.</strong></span> <span class='ocrx_word' id='word_1_344' title='bbox 535 4437 626 4517; x_wconf 82' lang='lat' dir='ltr'><strong>Quod</strong></span> <span class='ocrx_word' id='word_1_345' title='bbox 648 4443 685 4505; x_wconf 89' lang='lat' dir='ltr'><strong>ut</strong></span> <span class='ocrx_word' id='word_1_346' title='bbox 706 4440 738 4503; x_wconf 89' lang='lat' dir='ltr'><strong>in</strong></span> <span class='ocrx_word' id='word_1_347' title='bbox 760 4439 923 4505; x_wconf 80' lang='lat' dir='ltr'><strong>universas</strong></span> <span class='ocrx_word' id='word_1_348' title='bbox 944 4438 1119 4504; x_wconf 85' lang='lat' dir='ltr'><strong>PausanIac</strong></span> <span class='ocrx_word' id='word_1_349' title='bbox 1139 4456 1191 4504; x_wconf 86' lang='lat' dir='ltr'><strong>res</strong></span> <span class='ocrx_word' id='word_1_350' title='bbox 1213 4437 1305 4519; x_wconf 80' lang='lat' dir='ltr'><strong>vaiet,</strong></span> <span class='ocrx_word' id='word_1_351' title='bbox 1328 4439 1372 4505; x_wconf 88' lang='lat' dir='ltr'><strong>ita</strong></span> <span class='ocrx_word' id='word_1_352' title='bbox 1394 4440 1489 4506; x_wconf 89' lang='lat' dir='ltr'><strong>etiam</strong></span> <span class='ocrx_word' id='word_1_353' title='bbox 1510 4439 1542 4504; x_wconf 93' lang='lat' dir='ltr'><strong>iu</strong></span> 
     </span>
    </p>
   </div>
   <div class='ocr_carea' id='block_1_3' title="bbox 322 4681 1543 4854">
    <p class='ocr_par' dir='ltr' id='par_1_5' title="bbox 322 4681 1543 4854">
     <span class='ocr_line' id='line_1_36' title="bbox 380 4681 1542 4768; baseline 0.003 -18"><span class='ocrx_word' id='word_1_354' title='bbox 380 4697 543 4766; x_wconf 77' lang='lat' dir='ltr'><strong>¹Praecipue</strong></span> <span class='ocrx_word' id='word_1_355' title='bbox 560 4697 729 4752; x_wconf 79' lang='lat' dir='ltr'><strong>cunmlendua</strong></span> <span class='ocrx_word' id='word_1_356' title='bbox 749 4699 780 4752; x_wconf 91' lang='lat'><strong>0.</strong></span> <span class='ocrx_word' id='word_1_357' title='bbox 799 4681 946 4752; x_wconf 75' lang='lat' dir='ltr'><strong>Pfundtner.</strong></span> <span class='ocrx_word' id='word_1_358' title='bbox 982 4698 1121 4752; x_wconf 76' lang='lat' dir='ltr'><strong>Pausanias</strong></span> <span class='ocrx_word' id='word_1_359' title='bbox 1138 4699 1267 4768; x_wconf 79' lang='lat' dir='ltr'><strong>periegeta</strong></span> <span class='ocrx_word' id='word_1_360' title='bbox 1290 4697 1398 4752; x_wconf 73' lang='lat' dir='ltr'><strong>imitator</strong></span> <span class='ocrx_word' id='word_1_361' title='bbox 1415 4699 1542 4753; x_wconf 79' lang='lat' dir='ltr'><strong>Herodoti.</strong></span> 
     </span>
     <span class='ocr_line' id='line_1_37' title="bbox 322 4783 1543 4854; baseline 0.006 -18"><span class='ocrx_word' id='word_1_362' title='bbox 322 4785 382 4837; x_wconf 84' lang='lat' dir='ltr'><strong>diss.</strong></span> <span class='ocrx_word' id='word_1_363' title='bbox 399 4786 487 4854; x_wconf 77' lang='lat' dir='ltr'><strong>inaug.</strong></span> <span class='ocrx_word' id='word_1_364' title='bbox 498 4784 614 4854; x_wconf 79' lang='lat' dir='ltr'><strong>Regium.</strong></span> <span class='ocrx_word' id='word_1_365' title='bbox 629 4787 703 4843; x_wconf 76' lang='lat'><strong>1866.</strong></span> <span class='ocrx_word' id='word_1_366' title='bbox 722 4788 753 4838; x_wconf 84' lang='lat' dir='ltr'><strong>et.</strong></span> <span class='ocrx_word' id='word_1_367' title='bbox 772 4786 879 4840; x_wconf 85' lang='lat' dir='ltr'><strong>eundem</strong></span> <span class='ocrx_word' id='word_1_368' title='bbox 899 4788 924 4838; x_wconf 91' lang='lat' dir='ltr'><strong>in</strong></span> <span class='ocrx_word' id='word_1_369' title='bbox 941 4785 1046 4838; x_wconf 75' lang='lat' dir='ltr'><strong>Jahrbb.</strong></span> <span class='ocrx_word' id='word_1_370' title='bbox 1065 4783 1429 4854; x_wconf 67' lang='lat' dir='ltr'><strong>IPu5101.u.Pncng.laea</strong></span> <span class='ocrx_word' id='word_1_371' title='bbox 1447 4803 1472 4854; x_wconf 82' lang='lat' dir='ltr'><strong>p·</strong></span> <span class='ocrx_word' id='word_1_372' title='bbox 1485 4787 1543 4842; x_wconf 71' lang='lat' dir='ltr'><strong>Ito</strong></span> 
     </span>
    </p>
   </div>
   <div class='ocr_carea' id='block_1_4' title="bbox 0 0 1818 5528">
    <p class='ocr_par' dir='ltr' id='par_1_6' title="bbox 0 0 1818 5528">
     <span class='ocr_line' id='line_1_38' title="bbox 0 0 1818 5528; baseline 0 0"><span class='ocrx_word' id='word_1_373' title='bbox 0 0 1818 5528; x_wconf 95' lang='lat' dir='ltr'><strong> </strong></span> 
     </span>
    </p>
   </div>
   <div class='ocr_carea' id='block_1_5' title="bbox 1801 2301 1804 2857">
    <p class='ocr_par' dir='ltr' id='par_1_7' title="bbox 1801 2301 1804 2857">
     <span class='ocr_line' id='line_1_39' title="bbox 1801 2301 1804 2857; baseline 0 0"><span class='ocrx_word' id='word_1_374' title='bbox 1801 2301 1804 2857; x_wconf 95' lang='lat' dir='ltr'><strong> </strong></span> 
     </span>
    </p>
   </div>
  </div>
 </body>
</html>
