3608 5528
749 573 958 646 —l9··.·

139 773 143 780 ·
243 760 350 843 simus,
372 760 551 844 persolvere
568 761 765 836 studeamus
788 759 1033 829 demonstrativa
1048 762 1129 828 enim
1146 762 1371 846 epigrammata
1385 777 1461 826 num

244 891 329 938 mere
350 871 468 940 lusoria
492 871 612 938 nullum
635 889 726 940 usum
748 873 952 958 praebuerint
969 875 1040 958 jure
1062 873 1172 956 quaeri
1193 872 1301 957 possit.
1339 871 1386 940 Ac
1400 871 1461 956 pri-

244 1001 327 1050 mum
350 985 475 1067 quidem
499 1002 692 1052 summorum
714 983 869 1051 artificum
892 1003 996 1068 opera,
1019 1003 1089 1052 curn
1112 984 1230 1050 seriore
1251 989 1392 1068 tempore
1411 982 1464 1048 de-

244 1096 439 1180 dicarentur,
470 1096 703 1180 epigrammatis
725 1101 837 1162 ornata
859 1113 928 1164 esse
955 1095 1072 1173 titulis,
1101 1095 1155 1180 qui
1183 1099 1257 1162 sunt
1283 1115 1313 1162 1.
1339 1094 1400 1161 178
1432 1098 1465 1160 ct

242 1227 272 1274 n.
299 1209 374 1288 187,
403 1197 587 1276 ostenditur.
638 1209 759 1276 Deinde
786 1209 818 1276 11
848 1213 984 1277 mentem
1012 1208 1098 1275 venit
1126 1206 1283 1276 Ciceronis
1310 1207 1344 1274 io
1372 1206 1463 1274 Verr.

240 1327 303 1390 act.
321 1321 353 1388 ll
375 1341 419 1389 or.
436 1321 480 1388 IV
503 1321 609 1406 wi,
635 1321 690 1388 ubi
712 1320 796 1388 dicta
818 1325 893 1388 sunt
913 1321 1002 1388 haec:
1027 1325 1141 1403 »atque
1162 1319 1239 1387 haec
1254 1317 1380 1402 Sappho
1403 1315 1465 1401 (Si-

248 1432 379 1500 lanionis
403 1431 494 1518 opus)
521 1432 647 1500 sublata
669 1431 721 1516 (de
743 1432 888 1516 prytanio
909 1431 1189 1516 Syracusanorum)
1211 1435 1363 1514 quantum
1385 1427 1466 1497 riesi-

245 1544 365 1612 derinm
386 1545 435 1612 sui
457 1544 619 1627 reliquerit
640 1543 702 1610 dici
723 1543 774 1609 vix
795 1547 909 1628 potest.
951 1543 1032 1610 Nam
1056 1561 1153 1628 quum
1174 1543 1243 1627 ipsa
1264 1541 1326 1609 init
1339 1540 1465 1626 egregie

249 1656 333 1725 lecta
354 1661 421 1724 tum
446 1655 639 1740 epigramma
653 1653 808 1722 Graecum
830 1655 1008 1739 pernobile¹
1029 1655 1161 1723 incisum
1184 1660 1233 1722 est
1253 1655 1286 1722 in
1300 1654 1388 1724 bosi«
1405 1658 1464 1720 etc.

244 1770 368 1838 Seriore
396 1767 492 1853 igitur
520 1773 626 1836 aetate
654 1769 750 1836 moris
780 1786 849 1836 esse
877 1767 1020 1844 videtur,
1047 1773 1085 1836 ut
1112 1768 1226 1836 statuis
1254 1785 1365 1836 versus
1392 1765 1466 1835 suls

245 1882 466 1962 scriberentur,
489 1882 601 1966 quibus
624 1882 856 1976 delectarentur
876 1880 1016 1948 homines
1039 1881 1162 1947 eruditi.

330 1995 373 2060 Et
400 1994 483 2061 hunc
512 2013 604 2061 usum
633 1992 730 2062 inisse
758 1993 927 2060 multorum
958 1993 1217 2088 epigrammatum
1246 1992 1466 2062 demonstrati-

245 2125 354 2173 vorum
376 2105 520 2190 conjicio,
547 2124 679 2190 quornm
702 2104 784 2174 sales
807 2105 990 2189 saepissime
1013 2105 1218 2172 delectavisse
1240 2122 1302 2171 non
1324 2109 1465 2188 possunt,

245 2218 304 2285 nisi
327 2223 417 2285 erant
439 2219 497 2285 sub
519 2219 666 2304 operibus
695 2217 874 2299 celebretis,
902 2218 967 2285 siue
990 2217 1160 2302 archetypa
1184 2217 1254 2300 ipse
1282 2222 1384 2284 erant·
1401 2215 1466 2284 sive

245 2331 440 2414 exemplaria.
486 2331 537 2415 (11.
561 2332 677 2399 anthol.
701 2329 787 2398 Plau.
812 2329 866 2412 IV,
889 2331 940 2412 54,
964 2329 1015 2412 60,
1039 2331 1109 2412 112,
1132 2329 1217 2414 257).

330 2445 472 2528 Denique
491 2463 532 2510 ne
553 2444 628 2528 quid
643 2444 832 2525 omittamus,
854 2447 892 2510 ut
906 2443 996 2510 multi
1011 2459 1113 2510 mores
1128 2441 1335 2525 antiquissimi
1351 2439 1465 2508 intimis

245 2557 437 2639 temporibus
457 2562 669 2638 recurrerunt,
691 2558 737 2624 ita
751 2574 847 2638 opera
861 2555 909 2623 rel
926 2553 1051 2623 minime
1067 2554 1224 2622 laudanda
1238 2553 1278 2622 ab
1293 2551 1466 2622 artificibus

244 2668 321 2750 ipsis
343 2667 484 2736 versibus
505 2674 617 2736 ornata
638 2672 713 2736 sont
735 2668 778 2753 (n.
797 2668 881 2752 134).

823 3043 893 3128 §a

247 3242 306 3332 DE
334 3239 500 3333 unitis
529 3237 604 3346 QUI
633 3239 798 3334 soloin
831 3238 1057 3368 tullione
1086 3237 1322 3333 conroslll
1358 3237 1467 3331 SUNT

414 3401 416 3408 '
765 3387 942 3484 nullus.

333 3566 451 3634 Horum
474 3565 635 3636 titulorum
657 3569 720 3636 tria
741 3573 816 3638 eunt
838 3587 968 3654 genera:

401 3681 428 3742 1.
452 3678 562 3762 Tituli,
592 3681 624 3747 11
654 3680 767 3766 quibus
796 3679 932 3748 artifices
961 3698 996 3748 se
1025 3679 1135 3747 fecisse
1164 3678 1260 3748 rerba
1290 3680 1387 3744 ποιεῖν
1416 3697 1468 3746 ex-

449 3796 641 3876 presserunt.

399 3903 429 3964 2.
452 3902 483 3968 in
506 3903 620 3990 quibus
642 3904 747 3972 verbis
769 3901 872 3992 ἔργον,
895 3903 985 3994 τέχνη
1011 3888 1272 3988 significaverunt

271 4065 275 4074 .
399 4013 429 4080 3.
452 4016 618 4098 inquibus
640 4015 714 4084 'solis
735 4016 912 4086 nominibus
934 4016 982 4084 usi
1005 4020 1087 4085 sunt.

842 4217 871 4278 1.

334 4350 370 4434 ln
392 4349 493 4433 prime
514 4349 676 4418 titulorum
699 4350 799 4419 classe
821 4369 942 4418 summa
964 4355 1013 4420 est
1035 4351 1186 4418 varietas:
1217 4354 1312 4434 atque
1334 4350 1468 4436 primum

246 4459 385 4528 artifices
402 4461 579 4529 nominibus
601 4462 666 4529 suis
687 4463 818 4530 verbum
839 4462 972 4530 faciendi
995 4467 1117 4532 tantum
1132 4462 1329 4545 addiderunt,
1349 4461 1469 4526 ticina

317 4632 406 4686 ¹c.1.
424 4633 491 4692 3555
508 4632 636 4703 Pergami:
656 4629 766 4697 otvoaa'
781 4651 833 4698 μευ
852 4629 968 4704 Σαπφὼ·
986 4635 1085 4688 τόσσον
1104 4633 1284 4706 δ’ὑπερέσχον
1304 4633 1401 4686 ἀοιδῶν

652 4718 778 4792 θηλειῶν,
795 4719 903 4792 ἀνδρῶν
921 4722 1003 4775 ὅσσον
1021 4723 1037 4774 ὁ
1055 4718 1198 4794 Marouion:

246 4805 316 4858 idam
333 4805 428 4858 111111.
445 4804 502 4868 vn,
521 4807 552 4862 15
570 4805 602 4858 cl'.
621 4803 753 4858 Benndorl.
773 4805 790 4859 l.
807 4807 825 4861 l.
843 4824 868 4874 p.
881 4811 913 4864 49
932 4815 957 4860 et
974 4816 1026 4864 not.
1040 4813 1063 4865 l.
1233 4879 1266 4933 ᾗ
