3608 5528
702 587 915 651 ...47...

283 779 334 860 71,
356 797 385 845 a.
408 775 593 867 Ἐπήοιρμος
613 775 799 866 Ἐπιχάρμου
814 770 935 846 Ῥόδιος

286 890 356 956 125.
379 885 590 978 Καλλισθένης
610 885 841 960 Καλλισθένους
861 885 1019 976 Σφήττιος

286 1001 357 1084 131,
378 1020 407 1068 a.
430 1001 607 1092 Δημήτριος
627 999 802 1090 Δημητρίου

286 1113 356 1177 132.
379 1109 454 1200 etp.
477 1112 673 1202 Νευιηρόρος
695 1111 891 1202 Νευιηφόρον

286 1226 357 1290 141.
380 1222 486 1289 Ξένων
508 1223 652 1297 Ξένιονος

287 1336 358 1401 148.
382 1333 563 1409 Μενεσθεὺς
584 1334 774 1409 Μενεσθέως
794 1333 1023 1424 Ἀφμοδεισιεύς

288 1449 359 1514 152.
381 1447 557 1539 Δημήτριος
578 1447 754 1538 Δημητρίου
773 1443 889 1521 Ῥόδιος

204 1561 427 1646 Epicharmum
443 1562 568 1646 qudem
583 1566 706 1646 patrem
722 1560 875 1631 dulcem
889 1561 987 1634 fuisse
1000 1562 1111 1632 iisdem
1126 1563 1226 1631 titulis
1239 1565 1421 1633 ostenditur.

291 1675 404 1758 ltaque
425 1674 603 1743 nominibus
626 1675 719 1742 certis
742 1674 849 1743 electis
871 1678 978 1758 patres
1000 1675 1065 1742 sive
1086 1674 1148 1758 ipsi
1169 1674 1305 1743 artifices
1325 1682 1424 1759 erant,

202 1785 271 1857 sire
294 1805 331 1854 ex
353 1784 509 1856 artificum
531 1791 625 1870 gente
648 1786 757 1868 exorti,
780 1787 846 1854 sive
869 1787 1004 1871 denique
1025 1786 1115 1854 liberi
1136 1791 1257 1855 tuntum
1272 1793 1310 1855 ut
1325 1792 1425 1858 artem

207 1906 400 1977 exercerent.
422 1898 599 1981 volucmnt‚
620 1899 658 1966 iis
681 1881 874 1967 consuluisse
895 1898 1056 1982 probabile
1077 1899 1211 1968 uidetur.

292 2012 359 2080 Viri
381 2012 433 2078 dd.
457 1999 563 2079 aulem
578 2009 705 2078 modum
720 2010 874 2094 migrasse
887 2011 1044 2094 videntur,
1067 2012 1122 2097 qui
1136 2011 1271 2081 artifices
1287 2014 1426 2098 ejusdem

205 2124 340 2193 nominis
362 2122 544 2206 saepissime
565 2123 599 2189 in
621 2139 718 2190 unum
741 2124 968 2191 contraxerint:
991 2123 1063 2208 quis
1084 2124 1164 2191 duos
1178 2125 1310 2208 Agasias
1325 2128 1427 2211 Ephe-

205 2239 270 2306 sios
292 2235 391 2305 lerret
411 2242 553 2322 tempore
579 2235 646 2304 fere
673 2237 836 2321 aequales,
866 2237 926 2304 nisi
954 2237 1208 2322 inscriptionibus
1237 2239 1426 2324 (143158)

205 2349 332 2418 diversa
353 2352 445 2419 modo
473 2349 642 2434 significati
670 2351 799 2419 essent?
838 2351 896 2418 Oui
927 2351 990 2418 duo
1019 2351 1226 2420 Athenienses
1253 2352 1428 2422 Leochares

207 2462 380 2548 placerent,
401 2460 462 2530 nisi
483 2463 584 2530 titulis
607 2463 672 2547 (31,
697 2462 772 2546 114)
796 2463 1057 2546 sejungerentur?
1088 2463 1133 2529 Et
1152 2463 1340 2532 Praxitelem
1362 2465 1429 2549 qui·

207 2575 281 2642 dem
308 2575 475 2654 minorem,
504 2593 597 2658 quem
625 2574 808 2642 scholiastes
837 2573 968 2641 tradidit
996 2574 1036 2642 ad
1058 2576 1214 2644 Thmcm'ti
1240 2578 1282 2644 id.
1306 2577 1343 2659 V,
1367 2578 1427 2644 105

206 2688 300 2772 ejecit
319 2688 477 2756 Brunnius
492 2689 541 2773 (ll
561 2709 591 2772 p.
607 2688 695 2772 410),
717 2691 856 2755 attamen
870 2687 1059 2755 Praxitelem
1080 2688 1235 2772 quendam
1256 2690 1429 2773 posteriore

207 2804 316 2868 aetate
336 2801 450 2868 vixisse
472 2801 565 2867 titulo
585 2801 645 2865 116
667 2803 869 2867 monstratur.

678 3103 900 3176 EXOURSUS
922 3107 963 3175 11.

336 3263 392 3330 DE
414 3261 681 3331 ARTIFIOIBUS
703 3264 779 3345 QUI
799 3263 890 3332 UNA
913 3263 1053 3331 OPERA
1074 3261 1308 3332 Faunuuuu.

301 3411 347 3477 Ac
367 3410 502 3495 primum
520 3411 633 3495 juvare
654 3410 779 3478 videtur
801 3410 943 3494 exempla
964 3415 997 3479 et
1019 3429 1056 3478 ex
1078 3411 1203 3493 scriptis
1230 3415 1370 3478 ueterum
1400 3416 1433 3480 et

212 3539 253 3588 ex
275 3521 527 3606 inscriptionibus
547 3523 648 3606 petita
668 3521 795 3591 afferre:

573 3791 636 3857 quo
662 3772 728 3838 uin·
815 3687 842 3750 1·
1039 3833 1049 3850 ,
1211 3851 1215 3858 Ι

573 3859 643 3925 culo
682 3857 728 3924 lu·
1127 3874 1190 3940 qua

572 3944 729 4010 erintcon·
865 3941 941 4027 qnid
1091 3941 1224 4009 materia

590 4029 706 4113 iuncti:
833 4027 976 4096 iecerint:
1081 4028 1131 4094 usi
1153 4030 1230 4094 sint:

192 4143 220 4208 1.
245 4139 384 4209 ’11111111
406 4139 547 4208 et'lheo·
599 4137 713 4207 fratres
755 4141 866 4226 Apollo
887 4140 1019 4224 Pythius
1082 4137 1194 4213 ξόανον
1258 4136 1348 4204 Diod.
1361 4135 1422 4205 Sic.
1435 4137 1461 4217 1,

234 4251 332 4319 dorus
544 4301 545 4306 ι
1279 4248 1330 4315 98.

190 4367 551 4451 2.Βυρ1111111111111
599 4361 713 4430 tratres
755 4365 922 4434 simulacra
996 4453 1001 4462 ¹
1082 4379 1191 4428 marm.
1257 4359 1460 4443 11113111.

191 4479 222 4546 3.
236 4479 551 4566 DipoenusetScyllis
578 4491 640 4542 non
662 4491 734 4540 con·
783 4479 925 4545 Minerva
1256 4471 1360 4553 Pell,
1372 4471 1460 4553 15,1.

620 4589 685 4654 stat
781 4589 893 4658 Castor
915 4592 948 4656 et
966 4585 1035 4654 Pol-

780 4700 833 4768 lux
867 4719 1035 4785 eommque

786 4814 841 4880 dlii
863 4819 896 4880 et
923 4829 1034 4879 uxores

1082 4645 1180 4712 ebeno
1203 4649 1237 4712 et
1257 4644 1349 4711 Paos.
1358 4643 1400 4726 11,
1410 4641 1461 4718 11,

1103 4756 1196 4823 ebore
1280 4755 1309 4820 5.
