3586 5520
274 815 406 880 Pausan.
423 815 462 894 V,
483 815 534 895 27,
556 815 593 880 8:

267 921 298 990 ‘O
312 923 428 1014 Ἑρμῆς
448 928 466 990 ὁ
488 928 540 990 τὸν
562 927 646 1013 κρίον
669 927 777 1014 φέρων
798 967 950 976 ---
973 928 1033 992 ὑπὸ
1050 925 1205 1013 Ἀρκάδων
1231 928 1266 992 έκ
1288 927 1404 994 Φενεοῦ

184 1037 314 1102 δέδοται
336 1041 383 1124 τῷ
395 1036 483 1124 θεῷ.
525 1035 679 1104 Ὀνάταν
702 1041 739 1104 δὲ
760 1041 811 1104 τὸν
834 1041 1002 1131 Αἰγινήτην,
1025 1039 1080 1105 σὺν
1105 1040 1141 1104 δὲ
1162 1040 1249 1128 αὐτῷ
1271 1040 1405 1105 Καλλι·

184 1149 302 1236 τέλην
324 1147 521 1236 ἐργάσασθαι
542 1150 623 1234 λέγει
646 1152 680 1213 τὸ
702 1150 889 1238 ἐπίγραμμα.

779 1375 809 1438 8.

270 1503 360 1586 Diog.
388 1501 493 1570 Lafirh
515 1505 568 1586 IV,
599 1505 657 1570 45:
688 1505 868 1591 Ἀρκεσίλαοι
894 1545 995 1556 --
1023 1503 1133 1594 ἕτερος
1158 1507 1405 1593 ἀγαλματοποιὸς

184 1615 230 1684 είς
253 1615 290 1676 δν
313 1615 361 1679 καλ
383 1613 558 1704 Σιμωνίδης
579 1615 722 1704 ἐποίησεν
743 1615 936 1704 ἐπίγραμμα·

377 1747 553 1838 Ἀρτέμιδος
574 1751 644 1815 τάδ’
666 1751 798 1836 ἄγαλμα,
821 1752 971 1840 δληκάσιαι
993 1754 1054 1841 γὰρ
1078 1757 1096 1818 δ
1117 1752 1233 1840 μισδὸς

439 1863 574 1951 δραχμαὶ
596 1863 643 1927 ταὶ
664 1861 788 1949 Πάριαι,
812 1867 874 1926 τῶν
896 1863 1030 1952 ἐπίσημα
1053 1865 1176 1951 τράγος.

388 1973 522 2062 ἀσκητὸς
542 1973 563 2036 δ
570 1972 730 2062 ’ἐποίησεν
748 1969 910 2062 Ἀδηναίης
931 1975 1107 2062 παλάμησιν

439 2084 527 2158 ἄξιος
537 2067 764 2171 Ἀρκεσίλας
786 2088 865 2157 νίδς
881 2082 1153 2172 Ἀριστοδίκου.

273 2393 462 2475 τασαν,
485 2393 536 2474 23,
558 2395 592 2459 τι
782 2309 811 2373 9'

218 2523 221 2530 ·
273 2543 317 2553 —
337 2502 462 2592 βάδρον
485 2505 645 2594 πεποίηται
661 2506 796 2594 χαλκοῦν
819 2506 868 2568 καὶ
890 2503 942 2567 ἐπ’
964 2504 1052 2591 αὐτῷ
1075 2503 1171 2575 Ζεύς·
1199 2508 1305 2569 τοῦτον
1328 2505 1407 2570 ὀκτὼ

186 2617 322 2682 μάλιστα
351 2615 427 2680 εἶναι
455 2615 560 2680 ποδῶν
588 2617 638 2680 καί
664 2614 739 2680 δέκα
767 2617 944 2701 εἰκάζομεν·
974 2616 1083 2686 οἵτινες
1112 2614 1148 2678 δὲ
1175 2614 1268 2679 αὐτὸν
1295 2613 1409 2682 ἔδοσαν
1490 2671 1494 2677 ,

186 2735 235 2814 tq?
261 2725 332 2814 θεῷ
354 2728 403 2790 καὶ
423 2726 559 2792 ὧντινών
582 2726 662 2790 ἐστιν
685 2723 788 2812 ἔργον,
811 2726 947 2810 ἐλεγεῖον
969 2725 1183 2812 γεγραμμένον
1207 2726 1361 2815 σημαίνει·

250 2891 258 2908 .
385 2837 555 2926 Κλειτόριοι
575 2837 645 2903 τάδ’
667 2837 789 2923 ἄγαλμα
812 2835 883 2923 θεῷ
904 2835 1039 2901 δεκάταν
1059 2833 1215 2925 ἀνέθηκαν

487 2951 600 3013 πολλᾶν
623 2948 658 3013 ἐκ
679 2947 791 3013 πολίων
807 2949 901 3038 χερσὶ
920 2947 1115 3032 βιασάμενοι.

425 3058 515 3124 καὶ**
535 3059 674 3146 μετρεῒτ’
693 3055 873 3148 Ἀρίστων
894 3057 963 3146 ἠδὲ
991 3058 1181 3130 Τελέστας

502 3169 750 3259 αὐτοκασίγνητοι
772 3170 848 3235 καλὰ
870 3169 1018 3240 Λάκωνες
1038 3167 1121 3234 ἕθεν.

189 3307 218 3352 v.
236 3287 269 3351 3.
293 3287 322 3348 σί
337 3283 468 3370 δ’ἔργσν
485 3283 666 3354 τελέσαντες
676 3283 817 3366 Kayser..
833 3301 914 3363 quae
929 3281 1050 3347 medela
1062 3281 1247 3349 Schubartio
1264 3280 1410 3365 (praefat.

294 3416 324 3479 p.
338 3395 444 3479 XXII)
468 3397 579 3462 merito
602 3394 766 3462 violentior
788 3394 921 3460 videtur.

187 3531 216 3576 v.
236 3512 269 3574 4.
290 3508 374 3598 χᾶμε
396 3509 542 3579 Λάκωνες
563 3505 638 3572 ἔσαν
660 3505 800 3574 Dindorf.
822 3506 975 3590 probante
997 3504 1184 3573 Schubartio
1206 3503 1314 3590 (praefi
1334 3503 1354 3569 l.
1370 3503 1411 3587 c.)

276 3835 410 3902 Pausan.
429 3834 483 3916 VI,
505 3834 555 3914 20,
581 3834 634 3898 14:
776 3746 825 3812 1⁰⁸

277 3947 389 4032 τὸμὲν
411 3946 449 4034 δὴ
472 3945 516 4030 έξί
538 3945 637 4034 ἀρχῆς
659 3943 805 4015 Κλεοίτας
831 3943 911 4008 ἐστὶν
940 3943 1052 4029 ἄφεσιν
1077 3944 1338 4033 μηχανησάμενος
1364 3943 1413 4005 καί

191 4059 352 4148 φρονῆσαί
372 4081 408 4143 γε
430 4059 478 4122 ἐπὶ
501 4066 547 4145 τῷ
570 4057 736 4143 εὑρήματι,
764 4057 809 4126 ὡς
831 4057 878 4118 καί
900 4053 1077 4141 ἐπίγραμμα
1101 4054 1148 4116 ἐπὶ
1176 4053 1335 4140 ἀνδριάντι
1368 4059 1413 4138 τῷ

187 4169 350 4259 Ἀδὴνησιν
373 4169 541 4256 ἐπιγράψαι
564 4168 615 4252 (cs.
634 4169 658 4243 I,
680 4169 731 4244 24,
754 4167 787 4250 3)

371 4319 375 4328 ι
402 4283 438 4352 ὃς
460 4283 513 4370 τὴν
535 4282 701 4367 ἱππάφεσιν
724 4279 757 4342 ἐν
777 4275 920 4365 Ὀλυμπίᾳ
943 4277 1057 4364 εὕρατο
1081 4280 1206 4362 πρῶτος

403 4392 490 4468 τεῦξέ
511 4415 554 4478 με
575 4391 777 4463 Κλειοίτας
798 4393 878 4463 υίὸς
896 4388 1190 4477 Ἀριστοκλέους.

780 4626 828 4688 11.

282 4741 390 4809 cicero
412 4741 443 4806 in
467 4739 502 4805 C.
526 4739 654 4805 Verrem
676 4743 736 4802 aot.
754 4737 786 4802 11
808 4755 852 4803 or.
868 4737 912 4803 1v
936 4754 1003 4818 cap.
1020 4734 1060 4800 43
1084 4733 1174 4818 §932
