3608 5528
743 521 955 642 -ο-

238 710 437 798 (sl'ypenu)¹
459 710 585 779 nomina
606 710 709 778 denuo
731 708 843 806 cuique
863 707 933 793 pari
954 707 1004 776 vel
1025 708 1119 775 simili
1149 711 1275 776 ammae
1303 706 1459 776 subscribi

238 843 319 907 opus
340 842 404 892 nou
426 821 496 905 iuuit
518 835 589 890 cum
610 822 695 906 apud
716 825 840 888 veteres
861 819 1011 888 historiae
1032 821 1110 888 artis
1125 819 1282 905 quendam
1296 820 1459 888 scientiam

239 934 346 1018 paullo
369 934 548 1002 eruditioris
569 932 702 1000 hominis
723 931 821 1000 luisse
842 950 881 999 ex
902 931 1108 1017 scriptoribus
1128 933 1179 1000 val
1199 930 1325 1000 intimas
1346 931 1460 1000 secans

236 1047 438 1116 manifestum
459 1047 510 1115 sit.
637 1045 641 1056 '

325 1160 413 1240 Quae
435 1178 505 1227 cnm
528 1157 798 1240 constituerimus,
822 1157 959 1241 expediti
980 1155 1200 1242 aggrediamur
1221 1157 1263 1224 ad
1284 1155 1460 1239 inscriptio-

235 1289 312 1340 num
334 1271 499 1340 historiam
521 1271 660 1339 breviter
681 1269 898 1338 enarrandam

323 1385 428 1466 Atque
449 1383 658 1467 antiquissimi
679 1383 804 1466 quidem
826 1379 961 1451 ardfices
982 1382 1108 1450 nomina
1122 1381 1266 1451 omnibus
1280 1379 1347 1450 iere
1360 1381 1461 1466 operi·

237 1496 299 1564 bus
319 1495 544 1580 subscripsisse
566 1495 712 1564 uidentur
732 1495 792 1579 itu,
815 1499 851 1562 ut
871 1494 926 1563 illa
948 1499 1053 1564 acute
1073 1493 1194 1562 nullum
1216 1492 1384 1564 artificium
1405 1513 1460 1561 au·

236 1608 334 1676 ctoris
355 1609 481 1676 nomine
508 1628 570 1676 nou
598 1613 743 1676 ornatum
772 1605 871 1674 luisse
899 1607 1011 1692 conjici
1037 1608 1152 1692 possit3
1180 1607 1275 1675 immo
1303 1604 1460 1675 artificum

239 1718 326 1786 tituli
347 1737 419 1788 cum
441 1721 554 1788 renuis
568 1726 635 1787 tam
649 1724 736 1788 arcte
750 1719 908 1804 coujnncti
922 1724 1006 1801 sunt,
1026 1725 1064 1787 ut
1078 1718 1198 1787 nullum
1212 1719 1350 1804 spatium
1364 1718 1460 1787 inter·

236 1831 365 1900 cederet
386 1832 430 1916 (3,
452 1833 489 1914 4,
510 1833 572 1914 8a,
595 1833 631 1916 9,
654 1833 710 1914 10,
731 1851 766 1910 a,
787 1833 823 1914 b,
846 1851 880 1914 c,
902 1834 959 1915 13,
983 1833 1046 1898 14·
1068 1833 1106 1900 ci.
1130 1833 1194 1901 tab.
1209 1832 1240 1916 Ι,
1262 1833 1308 1916 b).
1349 1831 1461 1915 Neque

237 1945 341 2012 sulum
361 1945 393 2013 iu
413 1945 530 2014 statuis
548 1951 712 2013 auctorum
726 1945 852 2013 nomina
865 1945 1067 2013 inveniuntur
1088 1946 1132 2030 (2,
1155 1946 1185 2028 3,
1209 1946 1259 2027 10,
1281 1964 1310 2024 a,
1332 1946 1353 2013 b
1375 1944 1460 2028 eta),

237 2058 296 2125 sed
317 2057 412 2124 etiam
433 2057 466 2124 in
487 2057 672 2142 anaglyphis
694 2057 739 2142 (6,
760 2059 791 2137 7,
813 2057 844 2139 8,
868 2057 918 2139 12,
943 2057 996 2140 13)
1019 2061 1052 2124 et
1072 2057 1224 2142 protomis
1246 2057 1310 2142 (4);
1333 2063 1366 2126 at
1386 2057 1460 2125 Par·

237 2189 351 2238 menon
373 2191 410 2239 eo
437 2170 605 2255 processit,
631 2176 670 2237 ut
695 2171 853 2255 lapidibus
881 2189 1007 2256 quoque
1034 2149 1115 2238 bene'
1143 2170 1249 2254 politis
1276 2188 1389 2236 nomen
1415 2170 1462 2236 in·

239 2282 398 2366 sculperet
412 2281 587 2370 Παρμένων
607 2281 645 2368 μ’
668 2281 845 2372 ἐποίησενῆ
867 2283 982 2350 clarius
1002 2279 1158 2350 amicum
1174 2282 1462 2365 antiquissimorum

237 2394 360 2462 animos
387 2395 527 2463 indicant
553 2395 647 2463 haec:
676 2393 792 2484 ποίημα
814 2393 974 2461 Κλειπίὸεο
991 2395 1032 2480 (l)
1061 2391 1233 2485 εὔχομαι
1260 2394 1338 2460 εἶναι
1352 2396 1400 2482 (5)
1428 2402 1462 2464 et

238 2507 391 2596 Ἀλξὴνωρ
414 2505 558 2595 ἐποίησεν
579 2507 726 2583 ὁΝάξιος
748 2508 828 2573 ἀλλ’
851 2506 1055 2593 collaude-
1078 2516 1112 2578 et
1133 2509 1265 2578 ardicio
1286 2509 1377 2592 quasi
1391 2509 1463 2575 viva

239 2624 347 2688 esseut
368 2620 408 2687 de
430 2639 465 2689 se
485 2621 657 2706 loquuntur
676 2619 714 2706 μ’
736 2619 871 2710 inopom
894 2621 937 2706 (2,
960 2623 991 2705 4,
1014 2622 1043 2700 5,
1066 2620 1117 2705 6):
1143 2621 1333 2706 esuperbia
1353 2621 1462 2708 igitur,

238 2751 303 2816 qua
323 2732 532 2816 antiquissimi
562 2729 697 2802 artifices
726 2732 873 2818 operibus
900 2732 1047 2816 perlectis
1076 2734 1150 2803 elati
1178 2740 1271 2818 snut,
1300 2735 1461 2819 inscriptio

238 2844 390 2928 originem
411 2845 509 2913 duxit.

322 2955 444 3025 Deinde
466 2975 538 3024 cum
559 2975 611 3024 ars
633 2975 789 3024 summum
815 2956 849 3024 in
877 2955 1037 3042 iustiginrn
1066 2962 1174 3026 evecta
1202 2964 1304 3040 esset,
1333 2978 1390 3027 cur
1415 2959 1463 3027 in·

239 3067 426 3152 scriptiones
448 3067 583 3135 rariores
605 3067 707 3135 iactae
729 3069 807 3149 sint,
826 3069 893 3152 jam
914 3068 1122 3137 intelleximus
1144 3070 1187 3154 (p.
1204 3069 1245 3135 56
1267 3070 1347 3155 sq.);
1369 3077 1402 3139 et
1422 3090 1462 3139 ne

239 3179 348 3264 optimi
369 3178 497 3261 quidem
518 3178 655 3247 artifices
677 3179 820 3247 omnibus
843 3181 989 3264 operibus
1012 3182 1138 3248 nomine
1161 3182 1376 3266 subiecerunt,
1405 3184 1462 3258 sed

238 3291 277 3357 iis
302 3295 434 3367 tanturn,
456 3290 572 3373 quibus
595 3289 753 3374 inscriptis
774 3308 809 3358 se
831 3292 916 3374 ipsos
938 3290 1150 3374 honorabant3
1174 3293 1219 3360 ita
1239 3293 1367 3362 Phidias
1389 3295 1462 3362 lovi

240 3401 383 3485 Olympio
404 3420 532 3468 versum
555 3402 738 3484 adscripsit3
768 3403 898 3488 ejusque
919 3402 960 3470 de
981 3402 1112 3471 Lemnia
1132 3405 1247 3472 iterum
1269 3406 1400 3474 laudare
1427 3406 1463 3474 li-

239 3518 309 3580 ceat
329 3512 461 3580 lanciani
484 3513 655 3596 imaginum
678 3519 773 3597 caput
787 3515 845 3582 IV:

324 3623 469 3695 Λυκῖνος·
490 3661 534 3672 -
557 3627 620 3689 τῶν
641 3624 677 3689 δὲ
700 3623 823 3689 Φειδίου
847 3622 949 3713 ἔργον
972 3625 1000 3690 τί
1017 3626 1149 3712 μάλιστα
1170 3621 1343 3716 ἐοῄνεοοςς
1364 3627 1462 3695 llolt-

240 3757 391 3822 στρατος·
415 3732 443 3799 τί
462 3733 495 3800 δ’
519 3734 592 3799 ἄλλο
615 3733 634 3822 ἡ
657 3736 711 3824 τὴν
725 3733 872 3824 Λημνίαν,
894 3733 917 3824 ᾖ
938 3737 986 3800 καὶ
1003 3735 1173 3824 &reynaldus
1187 3735 1323 3825 τοῦνομα
1340 3737 1464 3813 Φειδίας

239 3845 331 3936 vicio
338 3870 381 3910 σε
385 3869 397 3930 ,·
419 3845 564 3914 similiter
577 3845 716 3930 Pyrrhus
740 3847 820 3934 (syll.
835 3846 888 3930 18)
905 3847 1067 3916 Minervae
1083 3849 1236 3934 Hygieae
1258 3868 1352 3933 quam
1367 3852 1462 3920 ncne-

241 3957 366 4026 nienses
388 3957 613 4024 dedicaverunt
633 3957 765 4042 publice,
789 3959 973 4042 subscripsit
986 3959 1114 4048 Πύρρος
1129 3960 1274 4052 ἐποίησεν
1287 3960 1462 4052 Ἀθηναῖος,

239 4087 316 4138 sane
337 4069 449 4138 honori
470 4075 540 4138 erat
560 4067 672 4137 artifici
693 4069 863 4154 inscriptio,
888 4088 985 4156 supra
1006 4089 1101 4156 quam
1115 4070 1303 4164 Ἀθηναῖοι
1324 4073 1462 4164 zp‘lip-

309 4319 374 4372 1hio
392 4319 425 4372 de
442 4319 531 4373 ior-mir
549 4319 632 4372 adhuc
649 4335 716 4372 unus
733 4318 848 4387 Hcynius
866 4319 1001 4388 disputavit
1018 4323 1045 4374 in
1067 4321 1276 4376 commentatione
1298 4324 1332 4377 ds
1351 4327 1462 4379 tumori·

238 4407 287 4458 bus
304 4405 451 4469 mmm,
477 4406 570 4475 quihus
588 4405 624 4458 dii
641 4407 668 4458 in
685 4407 783 4475 priscas
799 4405 860 4458 artis
878 4407 996 4475 operibus
1016 4408 1092 4464 enai
1108 4409 1250 4465 comeus
1267 4410 1379 4481 Gotting.
1391 4411 1461 4476 vm,

238 4509 264 4561 p·
278 4489 419 4632 xpcoqnie
430 4575 508 4630 Reice
526 4577 573 4630 suf
582 4577 631 4630 dau
645 4575 731 4630 lurein
743 4577 789 4630 dan
801 4577 885 4631 tbrnk.
896 4577 1010 4642 Mecum
1028 4581 1128 4636 runos
1139 4600 1165 4652 p·
1176 4585 1216 4640 12.
1234 4590 1314 4638 nostr.
1325 4583 1427 4652 labyl,
1439 4602 1460 4638 c.

237 4661 893 4733 stv.p.18uoca.esc.1.d.1unipes
910 4674 936 4720 ct
953 4667 1055 4735 ptis:
1075 4669 1102 4722 in
1118 4669 1220 4724 mulo
1236 4669 1462 4741 usqulympiuc

237 4757 337 4820 „paco
354 4743 437 4809 Κοῖος
452 4747 585 4814 mma.
