3608 5528
686 567 896 631 ..15-

182 775 236 824 cas
265 755 482 840 inscriptiones
512 754 628 822 addere
655 752 823 837 voluimus,
853 772 934 838 quac
961 771 1024 821 non
1052 753 1092 820 ab
1123 750 1294 834 artificibus
1323 751 1399 837 ipsis

182 866 342 951 proiectae
363 872 438 934 snut
459 886 489 933 n.
509 866 569 932 175
592 884 657 951 sqq.

267 979 416 1047 Videmus
446 978 542 1062 igitur
569 979 717 1062 primum,
747 977 801 1059 qui
831 977 931 1060 patris
959 977 1083 1044 nomine
1112 977 1209 1045 semel
1237 991 1313 1043 usus
1341 980 1401 1058 ast,

182 1109 254 1159 eum
276 1091 329 1158 illo
351 1109 474 1174 semper
495 1090 553 1171 uti,
576 1088 684 1173 etqui
706 1088 865 1157 ethnicum
883 1088 932 1154 rel
954 1087 1142 1156 demoticum
1163 1087 1259 1154 semei
1285 1087 1402 1154 nomini

182 1221 241 1270 suo
263 1203 424 1286 apposnit,
447 1221 518 1270 oum
540 1202 760 1285 iiludsemper
782 1200 847 1270 iere
869 1215 1041 1284 opponere3
1070 1218 1259 1282 quamquam
1281 1199 1402 1285 patriae

181 1314 299 1380 mentio
320 1313 426 1396 paullo
454 1312 557 1380 minus
586 1312 675 1380 firma
701 1312 799 1382 fuisse
826 1313 968 1394 videtur,
996 1330 1091 1394 quam
1119 1313 1235 1396 patris:
1266 1311 1402 1380 Cresilas

81 1463 83 1466 ·
183 1425 311 1510 quidem
332 1443 367 1493 se
388 1423 594 1508 Cydoniatam
616 1443 694 1507 esse,
716 1425 800 1507 quod
822 1425 954 1492 Athenis
979 1424 1021 1508 (n.
1040 1424 1103 1508 17),
1125 1424 1180 1491 ubi
1201 1429 1285 1493 certe
1307 1424 1403 1490 omni·

181 1538 242 1605 bns
264 1537 342 1604 satis
364 1542 460 1604 notos
485 1543 569 1620 erat,
596 1557 659 1605 non
681 1537 839 1605 addidisse
861 1537 1002 1619 videtur,
1031 1536 1217 1604 Hermionae
1245 1534 1403 1618 protessus

181 1650 263 1724 est;¹
280 1649 393 1716 deinde
407 1649 460 1717 iile
480 1650 574 1717 etiam
590 1650 764 1735 antiquiore
780 1655 884 1718 aetate
901 1649 986 1732 vixit,
1001 1667 1095 1731 quam
1110 1667 1173 1732 qna
1186 1647 1403 1732 inscriptiones

181 1758 289 1828 firmas
310 1759 409 1828 iactas
432 1779 503 1829 esse
524 1761 688 1848 credimus,
711 1761 794 1845 quod
819 1767 887 1828 tom
910 1762 1034 1829 demum
1057 1761 1181 1829 evenire
1198 1761 1310 1844 potuit,
1333 1779 1403 1828 cum

184 1889 238 1939 ars
260 1891 281 1938 a
302 1875 431 1939 summis
453 1871 629 1973 artificibus
649 1879 742 1942 aucta
763 1879 796 1940 et
817 1878 925 1941 evecta
947 1892 967 1940 a
988 1873 1095 1940 multis
1110 1871 1287 1939 bominibus
1302 1871 1403 1955 iisque

182 1982 352 2050 mediocris
380 1983 496 2068 ingenii
524 1986 613 2068 quasi
643 1985 802 2068 negotium
836 1985 1052 2060 exercebatur;
1088 1989 1155 2050 tum
1184 1988 1289 2052 autem
1324 1983 1403 2050 tales

181 2095 263 2164 firud
292 2098 376 2165 tituli
403 2115 465 2165 non
492 2097 525 2164 in
557 2099 651 2164 certis
679 2095 866 2179 quibusdam
894 2095 1073 2178 regionibus
1100 2095 1293 2178 frequentati
1320 2099 1403 2170 sunt,

181 2209 292 2278 sedin
315 2227 508 2276 communem
530 2209 666 2275 omnium
696 2227 786 2275 usum
814 2207 948 2291 recepti,
978 2206 1061 2289 qood
1090 2227 1128 2272 cx
1155 2205 1324 2288 propositis
1352 2224 1403 2271 ex-

182 2321 291 2404 emplis
322 2321 433 2389 elucet.
486 2320 696 2388 stabilitatem
725 2325 830 2387 autem
859 2317 1070 2401 inscriptionis
1100 2319 1240 2402 ejusdem
1274 2315 1402 2383 artificis

181 2434 261 2500 bene
284 2453 322 2501 ex
342 2432 391 2499 bis
413 2433 513 2499 titolis
536 2451 722 2517 cognoscere
736 2450 918 2517 possumus:
934 2450 966 2497 n.
983 2425 1403 2516 144εἩρακλείδηςἈγαύου

176 2542 321 2633 Ἐφέσιος
343 2544 391 2608 καὶ
407 2540 568 2630 Ἃρράτιος
589 2543 720 2608 ἐποίουν.
745 2549 778 2612 ei
797 2563 827 2610 n.
846 2544 921 2608 152:

269 2654 354 2720 θέων
379 2653 545 2744 Ἀντιοχεύς
573 2656 621 2719 καὶ
643 2654 818 2745 Δημήτριος
839 2652 1016 2743 Δημητρίου
1033 2650 1148 2723 Ῥόδιος
1178 2652 1320 2730 ἐποίουν,
1349 2652 1403 2719 ubi

180 2764 317 2836 artifices
338 2765 468 2835 officinis
490 2767 663 2850 conjunctis
686 2766 798 2834 iisdem
826 2766 941 2848 quibus
969 2770 1042 2833 ante
1070 2765 1325 2847 inscriptionibus
1354 2765 1403 2830 usi

183 2884 267 2946 sunt.
312 2880 358 2945 Ac
380 2897 455 2946 sane
477 2876 634 2945 artificum
657 2879 793 2962 ipsorum
816 2878 969 2944 interesse
991 2878 1117 2958 debuit,
1140 2895 1221 2960 quae
1243 2877 1338 2944 semel
1359 2876 1404 2941 in-

180 2995 374 3077 scripserant
397 2993 544 3076 opcribus
566 2993 606 3058 ab
628 2992 704 3075 ipsis
726 2989 886 3075 perfectis,
918 3009 955 3058 eo
978 3009 1102 3074 semper
1123 2990 1309 3058 inscribere:
1332 3007 1404 3056 nam

180 3103 293 3169 Μικίων
315 3101 524 3186 Πυθογένους,
551 3101 714 3192 Τιρυχαρις
730 3098 974 3188 Ἐλευθερναῒος,
998 3098 1192 3188 Πυθόκριτος
1212 3101 1403 3190 Τιρυχάριος,

181 3212 285 3305 diripe
301 3211 553 3300 Ἁλικαρνασσεὺς
580 3212 710 3298 gloriam
737 3212 796 3279 sibi
823 3216 1025 3296 paraverant,
1057 3232 1118 3279 non
1149 3212 1332 3296 simpliciter
1353 3211 1402 3275 Μι-

181 3327 264 3403 sc'wv,
297 3325 469 3416 Τιμόχαρις,
492 3322 695 3412 Πυθόκριτος,
720 3321 837 3411 &silibet
859 3324 904 3390 ito
925 3324 1020 3390 etiam
1035 3323 1153 3390 Ornatas
1175 3323 1223 3390 bis
1242 3324 1325 3390 idem
1342 3321 1405 3406 epi·

180 3456 322 3522 gramma
354 3438 502 3521 operibus
538 3436 672 3520 subjecit
705 3436 778 3519 (scr.
806 3437 840 3516 7,
869 3435 911 3518 a).
966 3436 1159 3516 Quamquam
1192 3454 1254 3502 non
1291 3434 1404 3502 desunt

179 3552 321 3616 mutatae
344 3547 553 3631 inscriptionis
576 3546 732 3630 exempla:
756 3545 983 3614 Caecosthenes
1007 3547 1075 3631 (53,
1098 3565 1128 3623 a,
1149 3547 1193 3630 b.)
1222 3545 1346 3631 quidem
1372 3549 1406 3610 et

178 3660 255 3726 Dies
279 3659 365 3743 (54),
396 3678 466 3727 cnm
489 3659 733 3739 collaborsrsnt,
763 3675 796 3724 se
819 3658 1023 3742 Apollonidae
1044 3657 1125 3725 filios
1147 3657 1310 3741 Pbiyssios
1335 3673 1405 3726 esso

178 3769 313 3855 professi
334 3775 410 3836 sunt
435 3770 503 3853 (52,
524 3770 568 3854 a),
590 3768 715 3837 officina
736 3769 892 3836 communi
913 3786 987 3836 vero
1010 3769 1134 3836 sublata
1154 3769 1253 3851 patris
1275 3774 1308 3836 ot
1323 3767 1404 3834 demi

178 3882 369 3950 mentionem
392 3882 581 3961 omiserunt3
610 3881 723 3950 deinde
744 3899 815 3948 cum
837 3878 921 3946 iilius
943 3885 1074 3962 epatre
1096 3881 1128 3945 in
1150 3881 1330 3948 societatem
1356 3898 1405 3945 re·

179 3995 353 4077 ciperetur,
382 3993 490 4059 cadem
513 3992 678 4076 inscriptio
700 4010 827 4058 manere
850 4010 910 4058 non
934 3991 1046 4074 potuit.
1090 3987 1134 4058 Et
1159 3991 1292 4059 fortasse
1319 3990 1403 4058 tituli

179 4104 348 4190 aliquando
378 4105 589 4189 reperientur,
622 4105 734 4187 quibus
770 4104 903 4172 eundem
935 4103 1085 4170 artificem
1119 4103 1228 4171 eadem
1260 4103 1292 4170 in
1324 4102 1403 4171 urbe

178 4218 272 4285 variis
295 4216 549 4300 inscriptionibus
571 4235 662 4282 usum
686 4233 754 4283 asse
777 4215 972 4300 probabitur,
1000 4217 1055 4298 qui
1076 4216 1182 4300 parvis
1204 4215 1244 4284 ob
1267 4213 1403 4282 exordiis

177 4327 337 4412 profectus
359 4330 508 4412 majorem
531 4327 660 4414 gloriam
684 4348 754 4396 cum
778 4333 892 4395 nactus
916 4333 1000 4395 esset
1020 4328 1124 4395 omnis
1144 4333 1270 4412 praeter
1290 4345 1402 4394 nomen

248 4537 360 4592 ¹'l'itulo
377 4555 403 4589 n.
414 4537 475 4605 35e,
497 4554 572 4605 quem
589 4554 645 4589 soro
660 4533 824 4589 Bonndoriius
843 4537 953 4605 benigne
970 4551 1069 4588 mecum
1086 4534 1282 4596 eommunicssit,
1300 4533 1397 4603 probari

177 4627 289 4688 ridetur,
314 4627 417 4694 ssspins
437 4625 545 4677 srtificss
564 4641 619 4678 cum
637 4623 728 4675 alicnis
746 4623 845 4676 civibus
867 4639 943 4690 opcrs
966 4622 1129 4689 perficerent,
1152 4621 1256 4674 ethnicis
1279 4619 1401 4688 appositis

178 4731 206 4766 sa
224 4713 364 4766 mutius
382 4710 537 4780 signiticssso
555 4712 605 4772 its,
630 4717 658 4762 ut
677 4717 701 4760 st
719 4708 882 4760 domesticsm
900 4716 926 4759 ot
949 4717 1079 4762 ostensas
1104 4706 1273 4774 inscriptionis
1297 4704 1400 4758 iormsm

178 4801 204 4852 is
221 4815 269 4852 asts
287 4798 413 4850 bsbsrsnt.
