3608 5528
890 573 1076 662 ..⁸2-

463 791 504 856 ht
525 789 615 858 nohis
637 807 730 873 agere
752 789 782 854 in
805 788 908 854 animo
939 794 988 856 est
1015 789 1054 856 de
1084 790 1307 856 statuariorum
1339 785 1593 874 sculptorumque

376 899 485 983 titulis,
509 900 682 983 dequibus
705 900 860 968 universis
885 900 1044 967 rarissime
1065 899 1167 968 adhuc
1190 900 1384 984 disputatum
1406 907 1463 968 est.

461 1014 506 1080 hc
527 1013 661 1098 primum
683 1010 809 1097 quidem
833 1011 964 1080 Carolus
983 1011 1114 1080 Datius¹
1141 1013 1359 1097 inscriptiones
1381 1019 1522 1081 veterum
1543 1033 1593 1080 ar·

377 1122 496 1192 tificum
520 1125 677 1204 tractavit,
701 1124 755 1206 qui
777 1123 964 1207 scriptorum
981 1123 1056 1191 locis
1073 1123 1237 1208 diligenter
1252 1125 1407 1208 congestis
1421 1144 1478 1209 pro
1494 1126 1591 1210 copia,

375 1254 457 1320 quae
478 1240 552 1304 tuuc
573 1236 716 1317 extabat,
739 1233 903 1302 titulorum
926 1236 1006 1303 bene
1028 1242 1061 1302 et
1082 1235 1242 1320 ingeniose
1265 1236 1421 1304 disseruit.
1468 1238 1592 1306 Nostris

376 1349 568 1432 temporibus
590 1347 630 1416 de
651 1367 686 1415 rc
709 1347 798 1415 nobis
821 1348 982 1432 proposita
1003 1353 1094 1416 nemo
1115 1347 1181 1416 iere
1204 1349 1267 1432 egit
1293 1369 1356 1417 uno
1378 1349 1512 1417 Franzio
1541 1371 1592 1418 er·

375 1466 481 1544 cepto,
503 1461 610 1545 quiin
633 1459 721 1527 elem.
745 1460 842 1544 epig'r.
866 1477 896 1542 p.
913 1459 975 1525 343
998 1458 1197 1538 brevissime,
1224 1465 1260 1526 ut
1280 1459 1326 1527 illi
1348 1461 1416 1528 loeo
1439 1463 1590 1542 convenit,

374 1593 475 1658 pauca
495 1574 648 1656 quaedam
671 1572 757 1640 dixit.
803 1571 890 1656 Siqui
913 1573 999 1642 circa
1028 1573 1150 1656 singula
1180 1573 1296 1640 versati
1324 1579 1414 1652 sunt,
1444 1591 1497 1642 eos
1526 1574 1594 1644 suis

373 1686 450 1754 locis
472 1684 697 1754 adhibebimus.
1205 1745 1207 1752 .

462 1797 569 1864 Mirari
591 1803 696 1864 sutem
718 1814 779 1862 non
802 1813 978 1878 possumus,
1000 1815 1172 1881 perpaucos
1195 1800 1318 1863 tantum
1341 1796 1424 1864 viros
1446 1797 1475 1864 d.
1499 1799 1537 1864 de
1557 1817 1592 1865 re

375 1909 466 1977 nobis
493 1909 653 1994 proposita
682 1908 887 1991 quaesivisse3
919 1907 1002 1990 quod
1031 1915 1067 1974 ut
1096 1908 1323 1991 intelligamus,
1351 1909 1591 1991 meminerimus,

374 2026 451 2104 quot
473 2019 557 2088 tituli
580 2020 673 2088 etiam
695 2018 867 2102 LessingIo,
890 2020 944 2101 qui
966 2019 998 2086 in
1022 2019 1208 2087 Laocoontis
1231 2019 1386 2105 §XXVII
1409 2021 1440 2086 in
1462 2020 1502 2088 iis
1524 2041 1592 2088 ver·

376 2137 464 2200 satus
486 2136 545 2215 est,
566 2135 693 2215 praesto
715 2131 848 2212 luerint;
870 2132 980 2198 citavit
1001 2132 1081 2197 enim
1104 2135 1137 2200 et
1158 2150 1237 2215 quos
1260 2133 1302 2198 Μ.
1319 2131 1440 2200 (ludius
1462 2133 1589 2217 college·

374 2253 425 2312 rat
451 2244 482 2311 in
510 2245 731 2314 commentario
760 2243 799 2311 ad
830 2242 965 2311 Phaedri
994 2244 1067 2313 libri
1090 2243 1118 2310 V
1147 2242 1309 2328 prologum
1337 2243 1420 2312 iacto
1448 2250 1481 2312 et
1513 2259 1592 2327 quos

373 2356 548 2425 Gronovius
569 2358 602 2424 in
624 2356 765 2424 thesauri
786 2358 862 2424 tomi
885 2357 931 2424 IX
952 2356 1146 2441 praefatione
1165 2356 1320 2426 Gudianis
1341 2357 1515 2441 addiderat,
1538 2359 1593 2442 qui

372 2489 479 2540 omnes
500 2491 562 2539 nou
583 2469 656 2554 plus
678 2469 928 2556 quattuordecim
952 2468 1001 2537 vel
1023 2470 1200 2554 quindecim
1223 2476 1306 2537 sunt.
1342 2469 1467 2564 Nostris
1486 2474 1592 2538 autem

372 2585 482 2653 dlehm
504 2601 626 2652 summo
648 2581 753 2651 studio
780 2599 862 2664 quae
891 2582 997 2650 invide
1023 2589 1109 2652 terra
1136 2583 1262 2651 condita
1289 2589 1364 2652 sunt
1390 2588 1591 2651 monumenta

371 2699 502 2780 antiqua
524 2697 715 2780 criptuncur,
739 2693 785 2761 ita
806 2701 843 2761 ut
863 2695 895 2761 in
917 2695 984 2762 dies
1006 2695 1071 2763 lere
1094 2698 1189 2764 etiam
1212 2695 1367 2765 artificum
1390 2699 1516 2765 nomina
1537 2696 1591 2764 ad-

371 2811 433 2879 huc
453 2810 594 2876 inaudita
617 2807 718 2875 titulis
740 2807 873 2889 repertis
895 2807 1100 2874 innotescant
1139 2809 1242 2892 Atque
1265 2828 1372 2878 earum
1393 2809 1519 2891 quidem
1542 2829 1590 2876 ar-

372 2920 488 2990 tificum
510 2920 749 3004 inscriptionum
771 2937 849 3001 quas
872 2937 954 2986 nuuc
975 2919 1318 3003 habemus„Henricus
1340 2921 1514 3002 Essuuios,
1537 2922 1592 3003 qui

372 3037 446 3100 aute
468 3033 525 3099 hos
546 3031 655 3098 XVIII
683 3049 781 3098 anuos
808 3031 943 3113 priorem
970 3031 1119 3098 historiae
1149 3030 1303 3099 artificum
1327 3031 1516 3100 Graecorum
1545 3037 1592 3099 to-

369 3162 455 3210 mum
482 3143 598 3227 publici
622 3143 705 3225 jnris
733 3142 823 3223 fecit,
855 3143 981 3209 tertiam
1010 3141 1076 3210 iere
1104 3148 1225 3226 partem
1253 3163 1315 3211 non
1340 3145 1407 3227 jam
1435 3143 1589 3226 cognitam

370 3255 496 3336 habuit;
519 3255 631 3322 deinde
653 3274 692 3321 ne
707 3251 920 3322 overbeokins
942 3254 1078 3336 quidem,
1100 3255 1154 3338 qui
1176 3255 1354 3340 nuperrime
1376 3255 1407 3320 in
1430 3255 1509 3323 libro
1531 3255 1590 3321 uti-

370 3367 487 3435 bssimo
509 3367 696 3449 scriptorum
719 3373 859 3434 veterum
881 3366 980 3448 dicta,
1003 3386 1085 3450 quae
1106 3366 1147 3434 ad
1167 3365 1305 3434 artifices
1327 3371 1485 3451 spectant,
1508 3385 1590 3435 com-

370 3479 490 3561 posuit,
513 3496 619 3546 omnes
641 3477 871 3562 inscriptiones,
900 3494 982 3559 quse
1003 3496 1087 3546 nunc
1108 3483 1225 3559 exunt,
1248 3477 1369 3545 addidit
1390 3478 1460 3546 aliis
1483 3479 1522 3546 de
1544 3479 1589 3545 ln·

372 3589 495 3657 dustria
516 3590 656 3667 omissis,
685 3607 767 3671 quae
788 3591 829 3657 ah
850 3589 934 3656 illius
955 3609 992 3656 re
1019 3590 1139 3658 alienae
1166 3590 1364 3672 viderentur,
1391 3591 1477 3673 aliis,
1507 3609 1589 3675 quae

369 3701 488 3784 passim
509 3703 670 3786 dispersae
692 3707 783 3782 sunt,
812 3700 978 3785 neglectis,
1008 3701 1078 3768 aliis
1106 3700 1239 3784 denique
1266 3720 1328 3770 non
1351 3704 1417 3785 jam
1446 3701 1588 3785 cognitis,

370 3829 451 3894 quae
472 3813 640 3882 novissime
661 3813 693 3879 ln
715 3812 817 3880 lucem
838 3811 980 3896 prolatae
1001 3816 1084 3878 sunt.
1517 3805 1520 3812 '

455 3922 517 3991 Sed
536 3925 602 4009 jam
624 3924 718 3992 audio
740 3929 933 4006 mouentem,
958 3941 1008 3989 me
1030 3921 1161 3990 alteram
1184 3927 1308 3989 tanturn
1330 3923 1491 3992 titulorum
1514 3923 1588 3992 arti·

369 4033 460 4103 ficum
482 4037 613 4104 classem
634 4036 818 4120 resperIsse,
840 4055 902 4103 non
918 4035 1018 4102 solum
1037 4035 1119 4102 enim
1134 4034 1362 4118 iuscriptIones,
1385 4052 1466 4117 quae
1480 4037 1589 4103 etiam-

372 4225 566 4294 dieputaverunt
583 4227 632 4279 Ad.
651 4227 733 4278 Stahr.
749 4225 842 4291 (¹l'orso
860 4226 873 4277 1
891 4243 917 4293 p.
929 4223 1078 4290 tet-456)
1098 4231 1123 4276 et
1139 4222 1172 4277 H.
1190 4223 1267 4275 Baain
1285 4224 1328 4291 (da
1345 4223 1371 4276 la
1394 4223 1519 4276 condition
1542 4223 1588 4276 dee

370 4313 470 4365 artistae
488 4313 550 4365 dans
568 4311 710 4379 l'antiquitd
727 4327 843 4380 greeque.
874 4309 939 4363 Nica
952 4310 1038 4375 1866),
1057 4310 1100 4377 qui
1118 4309 1219 4376 quidem
1238 4309 1277 4361 rel
1295 4311 1377 4362 minua
1389 4310 1489 4378 placent
1500 4327 1587 4362 narra·

369 4399 487 4452 dunculis
505 4399 661 4468 potissimum
679 4397 782 4459 addicti,
804 4413 870 4464 quae
887 4397 982 4464 passim
1000 4395 1032 4447 de
1050 4394 1221 4448 celeberrimis
1238 4395 1375 4448 artificibus
1393 4395 1498 4448 traditae
1514 4406 1586 4458 auut3

369 4485 405 4534 ita
421 4500 451 4536 ex
468 4483 525 4536 aliis
542 4483 653 4536 lontibus
671 4482 723 4535 atta
739 4483 879 4544 fluxerunt3
905 4483 938 4535 ah
956 4481 995 4534 hia
1013 4481 1130 4535 omnihus
1151 4489 1234 4534 autem
1260 4498 1307 4535 nee
1329 4490 1441 4551 tempora
1464 4498 1512 4534 nae
1533 4481 1589 4534 loea

368 4568 430 4621 aatis
447 4569 567 4622 dutinota
584 4576 651 4622 sunt.

436 4655 519 4708 ¹Vite
537 4655 577 4709 de’
595 4653 1005 4724 pittoriautiehi(Napolil'130)
1022 4655 1204 4724 p.10t-114.
1224 4683 1254 4693 —
1275 4654 1326 4707 Chr
1351 4655 1418 4707 Dan.
1434 4653 1542 4708 Beokiue
1560 4654 1586 4706 iu

369 4753 498 4794 comment.
518 4743 528 4793 I
547 4742 578 4794 de
595 4742 738 4796 nominibus
760 4739 883 4793 ardhoum
908 4739 1017 4809 aliisque
1038 4739 1064 4792 iu
1089 4740 1258 4794 monumentis
1281 4740 1340 4792 artis
1362 4740 1483 4808 antiquae
1506 4741 1585 4793 intar-

368 4827 460 4896 polatia
477 4826 554 4895 (hipe.
571 4827 647 4894 1832)
663 4827 700 4879 rai
717 4827 859 4896 propositae
876 4825 971 4878 nnllam
988 4824 1040 4878 fara
1057 4824 1139 4878 laeam
1157 4824 1273 4879 attulisse
1290 4823 1417 4894 putandas
1435 4833 1483 4880 eet.
