3608 5528
870 549 1083 618 ...56-

366 743 399 810 ἱιι
420 742 547 827 publiea
568 741 652 809 valet
673 742 903 808 monumenta1.
951 741 994 806 Et
1022 755 1211 822 quamquam
1240 739 1354 823 priuati
1383 755 1509 824 qnoque
1533 739 1588 804 ho-

369 855 468 922 mines
489 855 518 921 si
539 854 623 935 qnod
650 871 730 936 opus
758 850 981 936 perficiendum
1006 853 1201 933 locavenmt,
1230 851 1391 933 pactiones
1418 850 1587 928 lacerante

370 963 432 1034 hae
455 970 540 1033 certe
561 984 624 1033 non
645 964 701 1032 diu
723 971 865 1032 servatae
887 969 976 1044 sunt;
997 963 1110 1046 quodsi
1125 966 1239 1046 essent,
1258 981 1349 1030 nemo
1362 963 1532 1040 hominum,
1552 967 1588 1028 ut

366 1077 500 1161 alicujus
527 1077 631 1161 operis
659 1081 820 1143 auctorem
849 1081 1063 1158 cognosceret,
1094 1074 1288 1157 inspexisset
1337 1075 1380 1140 At
1402 1075 1476 1158 jnre
1506 1072 1588 1140 dieat

338 1169 339 1176 ἵ
366 1189 538 1274 quispiam,
567 1207 607 1255 ne
629 1205 684 1255 eos
705 1187 832 1272 quidem
855 1185 1008 1267 artifices,
1035 1185 1142 1270 quiin
1164 1185 1297 1267 publicis
1319 1185 1497 1254 rationibus
1519 1203 1587 1269 per·

366 1300 475 1384 scripti
501 1305 607 1379 erant,
635 1300 712 1367 satie
740 1298 858 1382 gloriae
885 1311 963 1364 suae
988 1297 1177 1380 providisse,
1204 1315 1277 1363 raro
1305 1298 1388 1365 enim
1420 1297 1492 1364 illas
1519 1315 1587 1364 ease

365 1413 521 1497 perlectas
544 1415 576 1480 et
596 1412 746 1496 majorem
769 1411 937 1478 memoriae
960 1427 1048 1494 spem
1070 1409 1140 1476 illos
1162 1410 1325 1478 habituros
1355 1409 1453 1478 insse
1479 1410 1586 1478 inscri-

365 1525 428 1609 ptis
458 1523 636 1592 nominibus
663 1524 697 1590 in
726 1523 824 1607 ipsius
853 1525 956 1606 operis
987 1521 1069 1600 basi,
1099 1523 1131 1588 in
1161 1538 1224 1604 qua
1254 1521 1435 1590 dedicantes
1461 1522 1586 1606 quidem

368 1637 483 1705 iterum
505 1635 653 1719 insculpti
675 1637 759 1701 sunt.
797 1633 917 1714 Quodsi
938 1633 1086 1701 iecissent
1107 1633 1254 1715 artifices,
1275 1633 1416 1717 proiecto
1438 1655 1501 1704 non
1521 1641 1606 1734 temp

365 1750 458 1816 multi
478 1748 633 1816 obliuons
665 1747 771 1815 obruti
799 1746 947 1827 inissent,
978 1747 1063 1832 quod
1084 1748 1257 1815 Pausanias
1284 1748 1467 1833 saepissime
1496 1747 1587 1817 dions

368 1860 424 1925 οὐκ
445 1858 550 1946 ἴσμεν,
580 1860 616 1924 οὐ
635 1858 881 1949 μνημονεύουσιν
902 1859 1060 1928 indicavit.
1106 1860 1175 1940 Qua
1195 1880 1231 1928 re
1250 1861 1316 1943 jam
1346 1877 1523 1943 movemur,
1550 1867 1588 1928 ut

365 1978 519 2059 qnantum
545 1970 695 2039 memoria
722 1972 763 2039 ad
792 1969 948 2040 artificum
974 1971 1102 2039 nomina
1128 1971 1283 2040 servanda
1310 1972 1464 2056 valuerit,
1493 1991 1589 2058 quae·

363 2103 480 2153 ramus.

452 2197 499 2265 Ao
526 2195 662 2280 primum
688 2195 922 2263 meminerimus
950 2195 1093 2262 oimtates
1120 2196 1206 2279 ipsas
1233 2202 1267 2264 et
1291 2213 1422 2281 magnos
1451 2196 1589 2265 artifices

366 2314 399 2378 et
429 2307 543 2376 eximia
571 2325 667 2392 opera
696 2307 756 2375 sibi
785 2326 907 2375 summo
939 2307 1050 2375 honori
1082 2307 1247 2392 duxisse⁸3
1280 2309 1387 2392 itaque
1416 2310 1590 2378 Pausanias

366 2421 417 2508 (V,
439 2420 490 2501 23,
514 2419 548 2503 7)
570 2419 749 2487 Aristonem
773 2425 807 2486 et
828 2419 985 2486 Telesiam
1007 2422 1180 2488 statuarios
1202 2437 1265 2486 non
1287 2440 1345 2505 per
1366 2425 1465 2489 totam
1489 2421 1589 2490 Grae·

364 2533 444 2600 tiam
467 2531 642 2600 celebratos
663 2547 734 2598 esse
762 2549 801 2598 ex
827 2529 886 2598 hoc
914 2531 1053 2616 collegit:
1083 2531 1165 2623 ελγον
1191 2534 1252 2620 γὰρ
1281 2533 1319 2598 ἄν
1349 2559 1376 2600 τι
1405 2536 1455 2599 καὶ
1479 2530 1590 2601 Ἠλεῖοι

365 2645 435 2731 περὶ
458 2642 561 2708 αὐτῶν
583 2641 711 2725 λέγειν
733 2643 804 2706 καὶ.
819 2641 980 2707 πλείονα
1002 2639 1059 2707 ἔτι
1080 2643 1394 2730 Λακεδαιμόνιοι
1421 2649 1592 2715 πολιτῶν

363 2779 405 2840 γε
427 2754 561 2837 ‹iurara-
584 2760 617 2822 et
638 2753 790 2837 singulari
815 2753 954 2836 quodam
975 2753 1090 2837 gaudio
1112 2755 1260 2823 videntur
1282 2759 1436 2840 praeclari
1451 2757 1589 2828 artifices

363 2889 384 2938 a
414 2869 534 2937 civibus
562 2867 627 2933 suis
656 2865 730 2933 dieti
760 2883 829 2932 esse
861 2863 1034 2953 ἐπιχώριοι
1064 2865 1208 2934 Gitiodaa
1238 2869 1590 2956 (Paus.111,17,2),

362 2981 573 3050 Theoeosmns
596 2973 641 3064 (1,
662 2977 719 3060 40,
741 2977 776 3061 4)
809 2974 1030 3044 Callistonicus
1052 2977 1221 3046 Thebanus
1246 2979 1322 3064 (IX,
1347 2983 1402 3063 16,
1427 2983 1459 3067 1)
1488 2984 1592 3054 Libon

364 3229 466 3302 στήλην
485 3237 511 3283 et
526 3227 637 3299 βόθρον
656 3235 778 3296 murpats
795 3246 851 3282 asse
867 3244 944 3298 nego,
961 3227 1037 3280 immo
1049 3229 1136 3281 formis
1147 3227 1248 3282 dhorn
1258 3230 1338 3286 fuisse
1350 3231 1484 3298 videntum
1502 3234 1592 3304 itaque

364 3334 422 3372 oum
434 3316 573 3370 Pausanias
582 3315 603 3378 1,
621 3315 664 3378 24,
683 3315 698 3369 'l
716 3315 844 3368 Minervas
855 3314 967 3384 Virginis
984 3314 1064 3368 bssim
1081 3312 1192 3384 βάθρον
1210 3316 1302 3370 diserte
1315 3317 1414 3382 dixerit,
1433 3319 1592 3377 Plutsrobus

363 3403 432 3457 isui
450 3401 529 3454 dabie
549 3401 692 3454 oolnmnsm
710 3401 851 3455 rationibus
868 3403 1016 3469 inseriptsm
1034 3400 1169 3454 intellexit.

434 3489 446 3530 1
461 3488 551 3542 horum
569 3489 596 3540 in
615 3487 756 3540 snmombns
773 3488 955 3556 cognossendis
974 3489 1107 3556 scriptores
1125 3495 1192 3541 certe
1209 3505 1254 3558 per
1277 3507 1320 3542 sos
1344 3491 1426 3559 adjuti
1449 3499 1520 3557 sunt,
1544 3497 1592 3564 qui

365 3575 558 3644 inseriptionnm
582 3573 779 3642 colligendarum
803 3573 931 3642 negotium
953 3575 1002 3626 sibi
1029 3582 1171 3628 sumserunt
1187 3593 1210 3626 r.
1228 3572 1343 3630 Botulsb.
1361 3577 1389 3634 (l.
1407 3580 1427 3634 1,
1445 3582 1533 3636 tonsi
1550 3582 1591 3635 in·

363 3659 551 3730 trod.p.V11L

431 3747 487 3800 ²0.
506 3747 535 3799 ll.
554 3744 690 3800 Humana.
712 3745 897 3800 Privatslterth.
915 3747 984 3814 568,
1004 3747 1045 3804 13.

431 3834 584 3903 ⁸imprimis
607 3832 778 3886 consulendus
799 3833 835 3887 Η.
858 3834 1023 3903 Frolrlserger.
1053 3835 1085 3888 tls
1111 3835 1232 3904 opilionm
1258 3837 1326 3906 sputi
1353 3845 1453 3893 veteres
1477 3839 1590 3897 Grsssos

364 3921 506 3975 conditione
528 3919 588 3972 dise.
605 3919 618 3970 1
640 3919 754 3986 (Gr-inse
774 3919 850 3986 1866)
873 3938 899 3989 p·
917 3921 934 3976 5
958 3920 1044 3977 not5
1067 3937 1122 3990 sqq.
1147 3920 1241 3974 (liesro.
1259 3924 1286 3975 in
1301 3923 1372 3978 Verr.
1397 3927 1484 3980 ses11
1500 3944 1537 3982 or.
1550 3930 1591 3982 lv

433 4091 523 4159 Neque
538 4090 679 4158 geographi
696 4091 789 4159 quibus
807 4091 944 4145 artificibus
962 4092 1037 4146 urbes
1054 4092 1202 4146 nobilitates
1218 4102 1293 4147 erant
1308 4098 1461 4154 omiserunt:
1486 4099 1589 4157 Strabo.

363 4177 424 4232 XIV
441 4197 466 4246 p.
479 4178 530 4234 642
547 4175 724 4245 Ephesus...
747 4171 848 4245 ἄνδρες
865 4176 895 4229 δὲ
914 4175 1048 4246 ἀξιόλογοι
1064 4178 1207 4247 γεγόνασιν
1226 4179 1255 4230 ἐν
1274 4179 1365 4251 αὐτῇ.
1381 4218 1388 4233 .
1402 4219 1430 4235 ..
1454 4183 1498 4236 καὶ
1515 4181 1589 4256 [lap.

363 4264 462 4335 ράσιος
479 4265 494 4316 ό
513 4262 659 4332 ζωγράφος
675 4261 719 4315 καλ
736 4261 866 4332 Λπιλλῆς.
891 4265 922 4321 oi
941 4264 1031 4334 Steph.
1048 4265 1108 4334 Byr.
1126 4283 1148 4321 s.
1168 4283 1211 4320 vv.
1227 4263 1368 4337 Ἀνθηδών.
1391 4266 1589 4340 Ἀλεξάνδρεια,

364 4345 483 4415 Kettos,
498 4345 667 4420 Ἠλεκτρίδος
685 4351 769 4418 νῆσοι.

431 4437 500 4489 Plut
518 4437 582 4504 glor.
600 4435 730 4488 Athenss
747 4434 851 4488 πολλῶν
870 4437 920 4500 pso
939 4437 972 4508 όη
991 4435 1035 4490 καλ
1052 4433 1138 4491 ἄλλων
1157 4439 1174 4510 ἡ
1193 4437 1269 4500 πόλις
1285 4437 1335 4509 ἣδε
1352 4439 1443 4511 μήτηρ
1462 4441 1509 4494 παλ
1525 4461 1589 4514 τρο·

364 4521 417 4592 φός
434 4519 552 4591 εὐμενής
569 4525 673 4594 τεχνῶν
690 4522 787 4591 γέγονε
805 4522 856 4583 τός
872 4524 921 4587 μὲν
940 4525 1077 4596 εόραμένη
1095 4525 1139 4578 καλ
1155 4523 1319 4598 ἀναφήνασα
1340 4526 1450 4598 πρώτη,
1475 4529 1536 4589 ταῖς
1557 4531 1590 4584 δὲ

364 4607 475 4673 δύναμιν
494 4609 651 4678 προσθεῖσα
668 4607 712 4660 καλ
729 4610 808 4680 τιμὴν
826 4610 870 4662 καὶ
887 4608 1014 4682 αὔξησιν·
1039 4611 1088 4685 οὐχ
1105 4611 1201 4683 ἥκιστα
1218 4611 1249 4664 δὲ
1272 4612 1318 4665 ὑπ’
1337 4613 1424 4683 αὐτῆς
1447 4617 1590 4686 ζωγραφία

366 4699 499 4765 προῆκται
521 4693 565 4748 καὶ
587 4693 762 4766 κεκόσμηται,
789 4696 880 4750 lande
903 4699 1065 4768 Apollodori,
1092 4693 1280 4769 liuphrsrioris,
1309 4699 1411 4766 iiioiss,
1438 4703 1589 4758 Plistssnati

365 4784 452 4852 (imme
470 4782 593 4852 Panseni)
610 4781 716 4838 rhisus
733 4784 820 4839 framis
838 4786 932 4840 mentio
949 4786 987 4842 lit.
