3608 5528
699 575 888 638 ,9-

274 763 353 830 Cum
375 767 479 828 autem
501 761 633 829 Graecia
656 761 837 828 aRcmanis
860 761 1029 828 uictoribus
1051 761 1191 843 plurimis
1214 764 1247 826 et
1268 761 1402 845 egregiis

117 900 120 904 ·
188 874 300 940 statuis
323 874 545 957 spoliaretur¹,
573 873 681 954 bases,
703 891 773 939 cum
796 889 949 940 marmore
971 877 1004 940 et
1026 872 1119 940 Italia
1141 861 1301 952 abundat,¹
1318 876 1403 938 certa

187 984 314 1050 relictae
336 989 419 1050 sunt.
463 985 533 1050 Huc
563 1003 686 1068 queque
712 982 821 1050 referri
850 988 983 1067 possunt
1004 983 1179 1050 Pausaniae
1208 984 1293 1050 dicta
1314 982 1401 1062 VIII,

187 1095 243 1175 30,
267 1096 302 1161 5:
326 1097 386 1181 πρό
408 1095 445 1161 δὲ
468 1099 521 1160 τοῦ
546 1097 620 1159 ναοῦ
643 1099 699 1186 τῆς
719 1096 845 1184 Μητρός
867 1093 996 1181 ἀνδριὰς
1014 1095 1072 1179 ,ιιὲν
1095 1095 1197 1166 οὐδείς
1217 1093 1300 1170 ἐστι,
1323 1093 1403 1185 δῆλα

91 1285 99 1298 ι
187 1204 223 1269 δὲ
243 1204 281 1295 ἦν
304 1206 341 1270 τὰ
361 1204 473 1295 βάδρα
495 1206 609 1293 ἐφ’ὧν
630 1207 815 1295 ἀνδριάντες
840 1207 913 1271 ποτὲ
944 1207 1122 1296 ἑστήκεσαν.
1169 1208 1260 1288 VIII,
1282 1205 1333 1285 38,
1364 1206 1402 1270 5:

188 1313 251 1382 ἔστι
272 1318 309 1382 δὲ
330 1315 439 1383 αότόόι
462 1318 506 1402 (in
529 1317 650 1401 Lycaeo
671 1319 789 1402 monia)
818 1318 1011 1405 ἀνδριάντων
1031 1317 1144 1408 βάθρα
1171 1317 1226 1384 οὐκ
1256 1317 1403 1383 ἐπιόντων

187 1426 230 1493 ἔτι
252 1428 455 1518 ἀνδριάντων,
478 1429 612 1513 ἐλεγεῖον
634 1429 671 1495 δὲ
692 1429 740 1495 ἐπὶ
763 1434 824 1495 τῶν
837 1429 984 1517 βάθρων.
1017 1431 1106 1513 VIII,
1122 1432 1174 1512 49,
1191 1434 1225 1496 l:
1241 1429 1277 1494 οδ
1293 1429 1403 1517 πόρρω

187 1538 222 1604 δὲ
244 1545 300 1628 τῆς
320 1541 442 1628 ἀγορᾶς
462 1542 610 1626 (fageae)
634 1538 768 1627 όέατρόν
792 1564 825 1606 τε
847 1541 912 1608 ἐστι
934 1543 982 1606 rai
1004 1544 1084 1631 πρός
1110 1541 1197 1628 αὐτῷ
1224 1539 1336 1627 βάθρα
1365 1542 1403 1605 ai·

187 1651 283 1716 κόνων
300 1652 440 1742 χαλκῶν·
469 1652 557 1717 adrui
579 1651 615 1716 δὲ
637 1650 693 1718 oria
713 1653 787 1718 εἰσιν
809 1651 853 1719 ἔτι
874 1655 905 1718 (ά
928 1654 1045 1725 εἰκόνες
1065 1653 1206 1738 ἐλεγεῖον
1235 1651 1272 1716 δὲ
1298 1650 1405 1740 ἐφ’ἑνὶ

187 1767 248 1827 τῶν
268 1760 404 1849 βάθρων
426 1763 486 1828 κτλ.
509 1763 649 1830 stillum
671 1783 763 1832 usum
785 1783 978 1832 communem
994 1765 1091 1833 inisse
1106 1764 1265 1834 Ciceronis
1280 1781 1405 1848 qunque

187 1874 299 1940 docent
324 1873 355 1940 in
377 1874 467 1943 Verr.
497 1879 555 1942 act.
580 1874 612 1940 11
638 1891 684 1940 ur.
713 1873 759 1940 IV
788 1876 831 1961 ἕξ
855 1873 911 1957 78,
938 1877 994 1954 97,
1024 1877 1120 1942 127².
1164 1873 1405 1944 Evidentissime

187 1989 292 2052 autem
313 1986 468 2054 Romanos
492 1987 583 2057 bases
605 2001 710 2056 secum
733 2007 796 2054 non
818 1993 962 2071 portasse
982 2007 1019 2055 eo
1042 1988 1292 2070 demonstratur,
1319 1987 1403 2072 quod

186 2097 272 2164 nulla
293 2097 421 2166 artificis
443 2099 603 2184 inscriptio
624 2104 692 2167 tota
715 2099 808 2166 Italia
828 2099 930 2167 adhuc
951 2105 1076 2184 reperta
1099 2105 1193 2180 extat,
1227 2117 1309 2183 quac
1331 2105 1405 2170 anto

185 2209 225 2274 ol.
250 2209 310 2274 158
336 2211 453 2293 scripta
474 2212 634 2293 videatur,
656 2229 845 2296 quamquam
866 2210 916 2280 vel
937 2212 1225 2297 antiquissImornm
1251 2209 1405 2280 artificum

186 2339 281 2404 opera
292 2322 411 2390 Romae
426 2322 539 2390 luisse8
556 2341 646 2390 nemo
661 2330 719 2401 est,
734 2324 809 2406 quin
824 2324 961 2407 ignoret,
976 2325 1127 2408 probatur
1136 2325 1265 2409 iusuper
1280 2323 1403 2406 Bupali,

186 2433 365 2517 Democriti,
389 2433 556 2501 Calamidis
576 2434 755 2502 Callimachi
777 2435 907 2502 aliorum
931 2435 1059 2512 titulis⁴,
1081 2453 1160 2519 quos
1182 2454 1244 2503 non
1266 2436 1306 2503 ab
1330 2435 1405 2501 arti·

186 2543 294 2612 ficibus
316 2545 393 2629 ipsis
414 2545 571 2629 prolectas
594 2565 663 2614 csse
685 2553 717 2614 et
737 2548 893 2630 scriptura
907 2552 940 2614 et
954 2546 1076 2613 basium
1091 2545 1211 2615 formae
1227 2546 1401 2614 evincuut⁵.

270 2656 307 2722 In
329 2654 461 2723 Graecia
482 2661 587 2725 autem
609 2663 694 2726 certe
721 2677 783 2726 nan
812 2677 920 2726 omnes
948 2658 1040 2725 bases
1068 2659 1182 2725 statuis
1210 2658 1328 2742 creptis
1357 2658 1404 2724 in-

186 2771 288 2834 tactae
314 2773 510 2850 manserunt,
539 2774 584 2850 et,
615 2773 651 2835 nt
677 2769 736 2838 hoc
765 2787 861 2836 nnnm
890 2773 1013 2835 tantum
1039 2787 1198 2851 moneam,
1226 2769 1404 2854 quingentis

185 2877 246 2944 illis
268 2878 382 2945 statuis
404 2897 424 2946 a
445 2879 571 2948 Nerone
593 2879 721 2964 Delphis
744 2880 876 2948 sublatis
899 2880 989 2947 bases
1012 2879 1120 2946 inanes
1148 2881 1224 2948 locis
1251 2881 1317 2948 suis
1343 2885 1405 2948 sta

186 2991 262 3056 tissa
283 3008 340 3057 nec
355 2991 528 3058 Pausanias
543 2993 584 3074 X,
604 2993 668 3075 7,1
692 2992 834 3069 tradidit,
856 3011 913 3060 nec
934 2993 1101 3060 verisimile
1122 2997 1180 3074 cst,
1203 3011 1267 3077 qua
1285 3011 1320 3060 re
1334 3010 1404 3060 cou-

186 3103 356 3170 cedendum
378 3104 510 3184 videtur,
530 3103 600 3191 jam
623 3108 745 3172 veteres
767 3107 852 3187 ipses
866 3104 991 3188 saepius
1006 3103 1075 3172 illes
1089 3104 1209 3188 lapides
1223 3104 1404 3189 quadratus,

186 3215 239 3297 qui
272 3215 388 3298 optimc
423 3215 495 3282 usui
524 3216 727 3298 conveniunt,
763 3215 803 3281 ad
833 3213 974 3284 aedilicia
1008 3217 1181 3283 cstmenda
1215 3216 1404 3297 adhibuisse,

187 3327 270 3410 quod
292 3328 469 3409 posteriore
497 3332 636 3412 tempere
662 3328 842 3409 saepissime
871 3328 1020 3395 accidisse
1048 3327 1211 3411 permultis
1239 3326 1405 3412 lapidibus,

187 3454 264 3518 qnos
293 3437 327 3504 in
356 3436 566 3508 aedificiorum
596 3440 693 3506 muris
723 3440 864 3508 inclusos
897 3439 1074 3507 etiamnunc
1103 3439 1208 3506 videre
1239 3456 1405 3522 possumus

188 3549 555 3633 (ν.8·,15,17,23*.
583 3552 653 3615 44·.
681 3551 756 3616 62*.
788 3552 877 3616 107·.
903 3551 973 3616 123.
999 3551 1069 3615 160.
1100 3551 1174 3635 161)
1197 3549 1406 3634 confirmatur,

186 3666 281 3744 atque
310 3661 355 3728 ita
382 3661 467 3730 hand
495 3679 611 3746 paucus
639 3661 793 3732 artificum
826 3663 935 3730 titulos
967 3663 1123 3730 interiisse
1154 3661 1249 3729 facile
1285 3663 1403 3730 credes.

186 3771 306 3852 ouibus
333 3773 426 3839 variis
453 3778 558 3841 autem
587 3774 687 3840 modis
718 3775 814 3843 bases
841 3774 943 3842 medic
973 3791 1051 3841 aava
1080 3779 1113 3844 et
1139 3773 1255 3842 nostrin
1281 3790 1406 3860 quoque

254 4025 341 4079 ¹0o⁴r.
358 4025 474 4081 Mueller.
500 4024 569 4082 IIdh.
587 4025 612 4078 d.
628 4025 703 4080 Arah.
732 4026 769 4080 III
786 4027 826 4081 ed.
855 4025 931 4092 5165
948 4043 972 4095 p.
988 4027 1036 4082 174
1054 4042 1109 4094 sqq.

253 4113 309 4165 ²ct'.
326 4113 478 4166 Winokelm.
497 4112 553 4164 hist
574 4119 619 4168 art.
636 4113 719 4176 1x‚3,
735 4115 767 4169 12
786 4113 816 4165 Ο.
828 4111 904 4165 Jahn.
922 4111 999 4166 Anah.
1011 4111 1089 4166 Baiis.
1107 4130 1133 4180 p.
1147 4113 1179 4168 19
1197 4118 1248 4165 nat.
1264 4112 1296 4168 17
1314 4127 1404 4181 quam·

186 4215 260 4268 quum
278 4197 412 4252 Leocharis
429 4197 630 4267 inscriptionem,
655 4197 688 4251 de
704 4214 756 4266 qua
773 4198 811 4250 illi
830 4199 965 4266 disputant
985 4196 1017 4248 ll.
1037 4196 1082 4260 ll.,
1102 4197 1171 4249 haud
1192 4197 1327 4266 genuinam
1349 4215 1406 4252 aare

185 4283 310 4337 Bruanius
333 4285 418 4338 decuit
440 4284 509 4351 (hist.
534 4285 607 4337 artid’.
628 4284 640 4336 1
663 4283 781 4350 addend.)
815 4283 854 4335 De
877 4283 967 4336 audem
991 4299 1020 4334 re
1044 4298 1109 4352 quaa
1125 4282 1249 4352 Berghius
1272 4283 1406 4353 disputarit

186 4369 633 4440 (iulactind.ldarh.1846·sam.
657 4371 730 4436 aaut)
752 4369 876 4437 inspicere
898 4385 949 4421 neu
972 4365 1057 4431 licuit,
1080 4369 1125 4422 sad
1149 4386 1172 4422 r.
1189 4369 1217 4422 Is.
1235 4369 1308 4423 Bosa.
1332 4369 1399 4423 aruh.

186 4457 270 4510 Anias.
290 4457 315 4508 11
337 4473 361 4523 p.
379 4459 438 4514 293.
456 4475 511 4524 sqq.

251 4539 417 4610 llAugustum
434 4543 494 4595 talia
513 4543 626 4612 »proprio
644 4541 752 4610 quodam
769 4540 927 4610 intelligendi
949 4535 1061 4594 ambitu·
1086 4541 1206 4610 (Quintil.
1224 4540 1290 4605 ΧΠ,
1309 4543 1356 4605 10,
1373 4541 1402 4614 5)

111 4617 114 4624 ’
187 4626 333 4695 praetuliue
350 4636 459 4681 cenant:
478 4629 553 4682 Paua.
572 4629 640 4694 VIII,
662 4630 704 4691 46,
721 4631 747 4684 4.
772 4628 840 4682 Plin.
857 4627 976 4692 XXXVI,
996 4629 1036 4684 13.

253 4715 304 4766 ⁴¹1.
319 4715 368 4770 175
387 4730 441 4782 sqq.
1028 4707 1030 4714 ’

252 4797 312 4851 ⁵11.
330 4797 424 4853 Brenn.
441 4817 505 4856 mus.
522 4799 570 4854 Rh.
590 4818 614 4854 u.
633 4817 682 4855 aar.
701 4801 770 4866 VIII,
788 4821 813 4870 p.
827 4801 876 4858 235
894 4817 932 4884 aq.
