3608 5528
747 537 1045 636 ,-4-

345 721 686 804 accepisse·periegeltt
713 722 861 788 indicavit
889 721 1041 805 (λέγουσι,
1069 721 1314 809 μνημονεύουσι,
1343 721 1448 808 φασί),
1482 721 1559 790 tilios

342 833 467 916 aliquod
496 816 663 900 artificium
691 831 861 916 perfecisse
888 833 1070 916 simpliciter
1102 832 1268 908 affirmavit
1300 833 1420 924 (τέχνη,
1454 830 1556 919 ἔργον,

346 943 483 1034 ἐποίησε,
507 944 697 1032 εἰργάσατο).
742 944 858 1025 Quodsi
879 945 926 1012 ita
947 950 1032 1012 esset
1051 943 1302 1028 intelligendum,
1329 950 1365 1012 ut
1386 945 1443 1012 hos
1465 945 1559 1012 eliam

341 1057 488 1140 operibus
510 1058 676 1140 inscriptos
698 1055 795 1124 luisse
817 1058 906 1124 nohis
933 1057 1109 1142 putandum
1136 1062 1237 1134 esset,
1266 1055 1335 1124 illos
1363 1076 1452 1139 vero,
1479 1075 1558 1141 quos
1632 1075 1638 1088 ·

339 1168 452 1236 iecisse
474 1169 514 1252 ab
536 1169 607 1235 aliia
629 1168 750 1236 audivit
773 1167 865 1256 (φασί
885 1170 958 1252 etc.)
988 1189 1050 1237 non
1072 1168 1169 1256 luisse
1190 1168 1371 1252 inscriptos,
1399 1171 1477 1238 satis
1506 1168 1558 1236 lir-

339 1299 424 1348 mum
445 1281 684 1364 inscriptionum
706 1281 854 1348 indicium
876 1281 1074 1349 haberemus.
1121 1280 1180 1348 Cui
1202 1281 1248 1348 rei
1269 1299 1310 1348 ne
1335 1280 1465 1348 nimium
1492 1299 1558 1348 cre·

339 1392 459 1470 dumus,
482 1410 519 1460 eo
541 1411 711 1476 movemur,
733 1393 817 1475 quod
839 1393 923 1460 haud
946 1413 1018 1462 raro
1041 1393 1122 1462 alter
1139 1392 1290 1462 afferendi
1305 1391 1432 1461 artificis
1445 1379 1573 1462 modus

337 1505 429 1572 alteri
449 1522 580 1587 prorsus
600 1505 784 1590 respondet:
858 1515 860 1520 ’
1335 1569 1337 1574 ,
1476 1573 1480 1581 ,

422 1617 484 1698 VI,
509 1618 564 1699 10,
587 1618 621 1682 9:
644 1615 772 1682 Λυκίνου
794 1616 831 1682 δέ
853 1615 958 1682 ἐστιν
984 1615 1114 1706 ἀνδριὰς
1135 1617 1279 1690 Κλέωνος
1306 1617 1411 1709 τέχνη,
1442 1621 1493 1684 τὸν
1520 1619 1557 1686 δὲ

342 1729 482 1795 Τέλλωνα
502 1731 588 1802 ὅστις
610 1731 777 1818 εἰργάσατο
804 1729 840 1794 οδ
864 1729 1164 1819 μνημονεύουσι
1186 1731 1223 1808 V,
1251 1731 1310 1811 20,
1339 1732 1373 1797 2:
1400 1729 1555 1797 Κωλώτου

337 1841 374 1906 δέ
396 1841 504 1907 ἐστιν
527 1839 629 1929 ἔργον,
652 1841 728 1908 εἶναι
746 1841 783 1907 δέ
805 1865 925 1930 φασιν
947 1841 985 1916 ἐξ
999 1839 1186 1932 Ἡρακλείας.
1231 1843 1291 1924 VI,
1314 1843 1344 1926 8,
1368 1845 1400 1909 l:
1423 1843 1555 1929 τοῦμὲν

338 1955 390 2018 τὸν
413 1955 582 2041 ποιήσαντα
605 1954 640 2018 ού
663 1954 840 2038 λέγουσι,
871 1955 925 2044 την
947 1953 984 2019 δὲ
1006 1957 1059 2019 τοῦ
1077 1951 1223 2048 Ἀμέρτου
1248 1953 1406 2043 Φράδμων
1426 1953 1553 2045 ἐποίη-

336 2087 402 2129 σεν
420 2045 554 2152 Ἀργεῖος
581 2065 619 2132 cl.
642 2067 702 2148 VI,
731 2067 767 2148 3,
791 2067 825 2132 7:
849 2065 1028 2151 Εὐπολέμου
1051 2065 1087 2131 δὲ
1109 2069 1163 2156 τὴν
1182 2065 1241 2152 μὲν
1263 2066 1365 2132 εἰκόνα
1386 2066 1554 2140 Σικυώνιος

336 2175 548 2265 εἴργασται
571 2177 741 2254 Δαίδαλος,
765 2179 799 2242 τὸ
821 2175 851 2242 δ’
875 2177 1101 2265 ἐπίγραμμα
1123 2180 1157 2242 τὸ
1180 2174 1229 2243 ἐπ’
1253 2178 1340 2265 αὐτῷ
1360 2179 1472 2268 μηνύει
1493 2181 1553 2246 κτὲ.

335 2296 368 2358 et
389 2291 426 2370 V,
450 2291 500 2367 25,
522 2292 558 2355 4:
583 2289 693 2375 τὸμὲν
716 2288 755 2378 δὴ
778 2289 1001 2376 ἐπίγραμμα
1023 2274 1137 2378 ἐδήλου
1160 2291 1194 2353 τὸ
1217 2290 1346 2380 ἀρχαῖον
1368 2289 1554 2381 ἀναθήματα

336 2401 411 2467 εἶναι
434 2407 495 2467 τῶν
518 2401 551 2466 ἐν
573 2399 713 2490 πορδμῷ
727 2401 909 2492 Μεσσηνίων
931 2439 975 2450 -
996 2399 1074 2487 ἔργα
1089 2401 1126 2466 δέ
1149 2398 1374 2468 ελσινἨλείου
1390 2403 1556 2474 Κάλλωνος

334 2515 365 2578 ol
387 2514 510 2586 είκάνες.

417 2609 537 2694 Deinde
551 2627 577 2704 Ι,
599 2627 650 2706 33,
672 2626 692 2692 3
716 2625 755 2691 de
772 2625 914 2692 Nemesis
929 2629 1037 2692 statua
1053 2625 1252 2694 Rhamnunte
1266 2627 1368 2711 posita
1381 2627 1553 2695 Pausanias

332 2737 464 2804 tradidit
485 2739 593 2801 codron
617 2733 742 2806 Φειδίας
770 2737 821 2800 τὸν
851 2733 938 2799 λίδον
970 2736 1155 2824 είργύσατο,
1183 2739 1268 2819 quod
1295 2738 1417 2806 etiamsi
1444 2758 1552 2806 verum

333 2867 403 2916 esse
424 2847 631 2927 concedimus,
655 2852 760 2914 tomen
783 2847 914 2914 Phidiae
936 2866 1048 2914 nomen
1071 2849 1157 2931 operi
1179 2849 1388 2933 subscriptum
1407 2849 1552 2932 nonfuit,

331 2959 424 3025 immo
447 2977 521 3025 uero
544 2958 720 3040 Agoracriti
746 2975 857 3024 nomen
885 2963 1010 3026 statuae
1038 2960 1086 3024 uel
1117 2959 1252 3028 tabellae
1280 2979 1317 3027 ex
1345 2964 1451 3027 statuo
1477 2977 1552 3042 pcn-

332 3070 417 3136 denti
439 3069 623 3152 inscriptum
645 3067 744 3136 luisse
766 3069 934 3135 memoriae
957 3070 1106 3136 traditum
1130 3071 1207 3147 est¹‚
1229 3071 1275 3136 ita
1298 3077 1335 3138 ut
1356 3071 1415 3139 hoc
1430 3073 1552 3154 potissi·

330 3197 415 3246 mum
443 3197 521 3263 opus
549 3179 675 3246 Phidias
711 3179 812 3246 »illius
841 3179 957 3246 nomini
990 3180 1164 3248 donasses8
1197 3181 1351 3248 videatur.
1401 3181 1552 3250 Similiter

331 3292 443 3359 Motn's
466 3291 600 3374 Magnae
621 3295 773 3372 statuam,
796 3310 892 3374 quam
917 3291 1104 3375 Agoracrito
1125 3291 1244 3358 Plinius
1266 3293 1412 3375 tributu,
1435 3293 1551 3362 Pausa·

330 3404 398 3470 nias
420 3403 446 3485 Ι,
468 3401 498 3482 3,
522 3402 540 3466 5
563 3401 704 3468 Phidiam
728 3400 841 3468 iecisse
862 3399 1028 3470 affirmavit
1051 3399 1174 3474 Φειδίας
1197 3403 1374 3490 εἰργάσατο.

415 3514 503 3594 Quae
524 3532 595 3580 cum
622 3514 668 3579 ita
695 3513 773 3594 sint,
803 3531 841 3579 ex
871 3512 934 3579 illis
961 3511 1107 3602 ἐποίησεν
1137 3515 1320 3602 εἰργάσατο,
1351 3513 1439 3605 τέχνη
1468 3513 1549 3580 ἐστίν

329 3624 474 3709 colligere
497 3644 558 3693 non
580 3643 757 3708 possumus,
779 3621 936 3691 artificum
957 3625 1082 3692 nomina
1105 3626 1199 3692 etiam
1220 3625 1253 3692 in
1280 3627 1426 3709 operibus
1441 3625 1547 3692 luisse.

414 3737 486 3803 Jam
507 3737 635 3819 propius
657 3735 698 3801 ad
727 3739 866 3801 nostram
894 3753 961 3800 rem
989 3735 1183 3803 accedamus.
1228 3737 1416 3804 Pausaniam
1442 3755 1548 3804 omnes

331 3865 460 3930 operum
483 3848 707 3933 inscriptiones,
729 3865 809 3930 quas
831 3845 917 3925 vidit,
939 3845 1082 3913 attulisse
1103 3865 1174 3913 cum
1194 3865 1252 3929 per
1274 3865 1308 3914 se
1330 3847 1455 3914 minime
1477 3867 1547 3932 pro·

328 3957 430 4024 habile
453 3963 510 4040 est,
533 3964 601 4025 turn
624 3957 772 4040 exemplis
794 3958 924 4040 insuper
945 3957 1068 4040 explodi
1089 3963 1209 4040 potest:
1224 3957 1249 4040 Ι,
1273 3958 1324 4039 23,
1346 3958 1376 4039 8,
1399 3957 1491 4030 ἵππος
1511 3958 1547 4022 δὲ
1611 3983 1615 3990 ·

328 4069 346 4129 δ
369 4069 559 4154 καλούμενος
580 4069 708 4156 δούριος
729 4068 885 4132 ἀνάκειται
902 4066 1047 4156 χαλκοῦς,
1073 4085 1166 4149 quem
1188 4085 1302 4152 equum
1325 4067 1437 4136 deinde
1457 4088 1546 4138 accu-

328 4180 428 4246 ratius
451 4180 618 4264 descripsit
639 4179 759 4246 artifice
781 4197 843 4245 non
865 4176 969 4260 allato,
993 4195 1086 4259 quern
1107 4177 1358 4262 Strongylionem
1380 4177 1479 4248 fuisse
1499 4181 1546 4246 in·

326 4291 494 4374 scriptione
522 4295 647 4373 reperta
676 4291 719 4376 (n.
750 4289 803 4374 17)
830 4288 954 4357 scimus.
989 4289 1014 4369 Ι,
1038 4287 1088 4371 23,
1110 4290 1131 4352 4
1153 4287 1275 4374 ἄγαλμα
1293 4336 1300 4353 .
1321 4337 1328 4353 .
1351 4338 1386 4353 ..
1418 4285 1546 4379 Ἀδηνᾶς

395 4579 492 4634 1Suid.
510 4589 536 4633 ιι
552 4580 626 4636 Phot.
645 4595 667 4632 r.
684 4597 707 4632 s.
722 4573 878 4642 Ῥαμνουσία
896 4571 1021 4642 Νέμεσις.
1056 4579 1148 4637 Zenob.
1165 4581 1198 4646 V,
1216 4583 1257 4638 st.

393 4665 536 4730 ’xxxvl
557 4669 596 4723 17.

393 4754 406 4792 ⁸
419 4751 538 4815 xxxvi,
557 4755 597 4808 17.
