3608 5528
897 548 1109 616 ..12-

395 741 556 823 eleganter
578 739 777 820 reddiderunt,
800 757 892 823 quum
909 736 1019 804 Cicero
1034 735 1202 821 descripsit
1223 737 1269 822 (in
1281 740 1368 806 verr.
1387 745 1448 808 act
1462 739 1495 808 11
1510 760 1555 808 or.
1568 742 1611 808 IV

394 851 478 936 593.
500 869 559 918 sor.
583 870 614 918 n.
634 849 703 934 ill:
734 849 905 932 »Apollinis
926 849 1049 930 signnm
1065 896 1171 913 .....
1194 850 1285 932 cnjus
1306 849 1338 916 in
1359 848 1476 916 femore
1497 849 1611 918 litteris

393 963 520 1029 minutis
541 962 697 1046 argenteis
720 979 831 1028 nomen
846 961 985 1044 Myronis
1008 964 1077 1027 eret
1096 960 1297 1044 inscriptum«
1322 961 1408 1045 quod
1423 980 1443 1027 u
1458 961 1611 1029 statuario

392 1074 461 1158 ipso
482 1071 600 1140 laetum
622 1091 691 1141 esse
712 1073 779 1140 reri
800 1071 1050 1138 dissimillimum.

478 1183 533 1252 Sin
557 1204 632 1253 uero
658 1183 888 1252 meminerimus
916 1167 1072 1251 Romanos
1100 1187 1210 1266 poetes
1238 1183 1409 1250 sexcenties
1437 1181 1502 1250 iere
1530 1200 1614 1250 sum-

392 1314 514 1364 morum
536 1295 690 1364 ertifieum
712 1313 841 1380 operum
863 1295 1050 1362 mentionem
1071 1292 1198 1374 leoisse,
1225 1313 1309 1379 quae
1330 1295 1471 1362 homines
1487 1287 1614 1376 'priuati

392 1407 604 1492 possiderent,
632 1426 694 1474 non
714 1407 897 1474 mirabimur
919 1405 1075 1489 permulto
1101 1404 1234 1473 ertiiieie
1263 1425 1283 1472 s
1310 1405 1429 1473 collidis
1450 1405 1613 1473 Greeoulis

393 1516 517 1586 illorum
543 1517 719 1586 nominibus
747 1518 901 1586 immerito
929 1535 998 1584 esse
1025 1521 1151 1584 ornatu:
1178 1517 1286 1602 iisqne
1306 1517 1467 1584 Phaedrus
1493 1518 1612 1601 prolog.

393 1627 462 1698 libr.
484 1631 514 1700 V
540 1649 569 1698 u.
592 1631 675 1694 4-r
698 1629 777 1697 haee
798 1629 892 1697 dixit:

597 1746 633 1808 ut
654 1741 781 1825 quidam
802 1739 938 1808 artifices
959 1743 1067 1807 nostro
1089 1737 1208 1807 iaciunt
1231 1739 1337 1808 seculo

596 1852 650 1934 qui
671 1851 806 1935 pretium
827 1851 974 1936 operibus
995 1853 1096 1936 majus
1117 1851 1287 1932 inveniunt
1309 1869 1388 1919 novo

597 1963 624 2030 si
644 1963 792 2030 memnoni
813 1962 1047 2045 adscripserunt
1068 1962 1254 2032 Praxitelem
1276 1981 1344 2045 suo,

598 2074 713 2142 detrito
736 2075 898 2158 Myronem
919 2079 1058 2159 argento.

397 2184 458 2252 huo
479 2183 635 2253 Zenobius
658 2204 783 2272 quoque
804 2191 926 2271 spectat
947 2187 984 2270 V,
1007 2189 1047 2253 82
1064 2236 1072 2252 .
1089 2235 1142 2253 ...
1166 2191 1213 2252 καὶ
1234 2187 1318 2252 ἄλλοι
1343 2187 1404 2273 γὰρ
1432 2187 1537 2250 πολλοὶ
1564 2185 1614 2251 ἐπὶ

399 2299 462 2360 τῶν
484 2294 603 2361 οἰκείων
624 2294 726 2383 ἔργων
749 2296 856 2386 ἕτερον
878 2298 1121 2387 ἐπιγεγράφασιν
1143 2297 1257 2384 danem
1285 2299 1373 2382 cujus
1398 2298 1445 2364 rei
1472 2298 1614 2381 exempla

396 2407 529 2476 fortasse
543 2409 651 2476 haberi
662 2409 782 2493 possint
799 2427 895 2495 »opus
907 2410 1054 2477 Phidiae«
1072 2415 1105 2477 et
1122 2428 1218 2493 ’opus
1230 2410 1412 2477 Praxitelis«
1427 2409 1513 2494 (188.
1524 2409 1609 2492 189.)

482 2519 544 2588 Sed
564 2520 642 2588 huet
663 2520 830 2605 nuceum,
858 2540 939 2589 nuno
960 2522 993 2589 in
1019 2523 1182 2590 titulorum
1208 2539 1300 2589 nsum
1327 2527 1360 2588 et
1379 2521 1540 2588 rationem
1566 2520 1612 2588 in·

396 2630 565 2716 quiremus.
