3608 5528
865 527 1078 590 ..44-
1218 497 1220 504 ’

358 721 456 801 atque
479 717 540 798 ipsi
562 716 641 782 urbe
664 715 762 780 exorti
786 717 892 788 erant,
920 732 1017 795 opera
1038 711 1152 794 quibus
1179 713 1287 779 urbem
1317 717 1481 794 ornarant,
1509 712 1584 797 fingi

356 828 509 908 veilert1,
539 831 624 894 certe
645 832 713 892 tum
740 825 865 892 demum
892 823 1074 908 peregrinos
1104 823 1314 904 advocarunt,
1343 841 1415 889 cum
1443 828 1499 891 aut
1524 825 1585 908 ipsi

355 938 531 1008 artificibus
552 939 676 1005 omnino
699 942 845 1004 carerent
873 941 930 1002 aut
957 955 1052 1020 opera
1081 933 1272 1019 perficienda
1301 935 1432 1002 summIs
1461 939 1584 1003 tantum

355 1050 530 1120 artificibus
553 1054 682 1132 possent
703 1048 858 1116 mandari.
903 1049 1003 1128 Quam
1027 1048 1067 1116 ob
1090 1065 1155 1113 rom
1178 1047 1312 1131 primum
1341 1043 1467 1128 quIdem
1496 1045 1586 1114 dubi·

358 1164 420 1230 tari
435 1182 497 1231 non
514 1167 629 1247 potest,
651 1163 726 1243 quin
742 1161 870 1245 plurimi
885 1158 1030 1241 artifices,
1054 1178 1187 1244 quorum
1203 1159 1304 1225 titulis
1320 1158 1446 1226 ethnica
1461 1157 1584 1236 desunt,

358 1277 391 1341 in
415 1275 454 1341 iis
477 1273 610 1340 urbibus
632 1273 699 1339 nati
721 1273 795 1354 sint,
817 1271 872 1339 ubi
895 1289 1002 1338 eorum
1025 1271 1110 1337 tituli
1132 1276 1207 1336 sunt
1228 1271 1355 1354 reperti.
1400 1270 1513 1352 Itaque
1533 1289 1586 1338 ve·

359 1392 446 1453 teres
469 1387 522 1469 qui
546 1386 586 1452 de
608 1389 676 1451 arte
705 1389 839 1468 egerunt
868 1384 1052 1467 scriptores,
1081 1399 1214 1480 quorum
1242 1387 1407 1466 tantopere
1435 1380 1587 1462 interfuit,

356 1497 517 1565 artificum
541 1497 664 1581 patrias
687 1513 888 1578 cognoscere,
914 1494 999 1561 haud
1021 1513 1116 1578 saepe
1137 1493 1170 1559 In
1192 1493 1287 1561 dubio
1309 1512 1378 1561 esse
1399 1498 1586 1577 potuerant3

360 1616 397 1678 et
418 1611 593 1677 Pausanias
616 1609 757 1694 quidem,
787 1626 880 1692 quem
901 1628 940 1676 ex
961 1608 1023 1675 illis
1044 1607 1188 1674 hausisse
1210 1611 1332 1675 constat
1360 1607 1402 1690 (y.
1425 1623 1456 1690 p.
1472 1607 1521 1691 6),
1548 1625 1587 1674 ex

358 1721 489 1788 CLXIX
512 1721 674 1788 statuariis
697 1719 987 1804 sculptoribusque,
1011 1737 1091 1803 quos
1111 1719 1312 1794 memoravit,
1334 1717 1440 1786 XLIII
1462 1723 1585 1787 tantum

357 1832 513 1901 artifimm
535 1833 655 1916 patrias
678 1849 740 1901 non
762 1831 931 1913 indIcavit3
953 1831 1011 1899 scd
1033 1851 1070 1898 ex
1090 1830 1141 1897 hIs
1164 1849 1218 1897 sex
1239 1831 1391 1914 ignobiles
1405 1829 1503 1898 luisse
1516 1831 1586 1915 ipse

356 1946 520 2030 periegeta
542 1947 702 2014 enarravit
724 1948 814 2031 (sunt
835 1964 909 2012 vero
931 1946 1042 2012 Mnsns
1057 1945 1095 2026 V,
1117 1945 1168 2024 24,
1192 1946 1228 2020 13
1251 1944 1406 2027 Phylaous
1429 1947 1461 2012 et
1483 1943 1586 2011 Onae-

358 2059 433 2126 thus
448 2058 485 2139 V,
508 2059 561 2140 23,
584 2058 620 2139 53
649 2055 750 2124 Sarnis
773 2062 806 2125 et
829 2055 967 2124 Stomius
982 2056 1037 2137 VI,
1060 2056 1113 2138 14,
1138 2055 1193 2137 133
1215 2055 1384 2140 Tisagoras
1399 2055 1438 2137 x,
1463 2056 1512 2134 18,
1535 2056 1586 2140 6);

357 2171 471 2239 deinde
494 2170 557 2238 duo
580 2188 649 2238 earn
673 2171 713 2236 ob
736 2187 864 2236 causent
886 2167 1050 2236 memorati
1072 2172 1158 2248 sunt,
1178 2166 1263 2251 quod
1286 2167 1462 2235 docuerunt
1484 2173 1586 2236 mmm

359 2281 440 2352 allos
462 2284 633 2368 quosdam,
661 2299 796 2365 quorum
818 2299 916 2365 opera
936 2279 1067 2348 laudata
1088 2283 1163 2347 sunt
1190 2279 1383 2364 (Eucadmus
1398 2280 1443 2360 X,
1468 2281 1522 2362 19,
1545 2282 1586 2366 4;

358 2395 509 2464 Pasiteles
521 2397 560 2479 V,
575 2396 627 2476 20,
646 2395 700 2479 2);
722 2392 936 2478 duodeviginti
961 2392 1096 2474 denique
1117 2391 1310 2459 celeberrimi
1331 2398 1429 2477 erant,
1450 2411 1585 2478 quornm

356 2508 476 2592 patrias
498 2527 589 2576 nemo
611 2507 771 2592 ignoravit
797 2507 1033 2592 (Agoracritus,
1056 2504 1258 2586 Alcamenes,
1282 2505 1432 2590 Angelion
1456 2511 1489 2573 et
1509 2505 1586 2574 Toc-

327 2645 329 2650 ·
360 2625 461 2697 meus,
482 2621 634 2702 Antenor,
654 2620 795 2704 Bryaxis,
816 2619 965 2704 Bupalus,
983 2617 1128 2695 Calamis,
1145 2615 1364 2694 Callimachus,
1378 2617 1538 2702 Dipoenus
1552 2625 1587 2686 et

358 2730 479 2817 Scyllis,
502 2732 701 2817 Euphranor,
724 2732 916 2813 Leochares,
939 2731 1130 2808 Praxiteles,
1152 2729 1369 2814 Strongylion,
1391 2730 1584 2812 Timotheus,

356 2842 471 2928 Lycide
494 2844 634 2926 Myronis
655 2843 749 2925 dhus,
772 2843 1020 2928 Hypatodorus).

443 2956 562 3036 Quodsi
590 2975 664 3024 vero
694 2955 828 3022 diximus
855 2955 1024 3039 praecipue
1051 2954 1092 3022 ad
1120 2973 1215 3040 opera
1242 2955 1342 3023 solitis
1369 2957 1490 3040 majora
1515 2973 1586 3038 per-

357 3066 495 3134 fioIenda
518 3085 656 3134 summos
679 3065 814 3134 artIfices
836 3066 962 3135 abunde
985 3085 1054 3134 esse
1076 3067 1258 3150 accersitos,
1287 3065 1418 3134 ethnicis
1439 3067 1500 3134 illis
1522 3072 1587 3135 sta·

357 3180 421 3246 tois
443 3180 629 3262 subscriptis
651 3197 782 3262 opernm
804 3179 906 3264 glorta
927 3185 960 3247 et
980 3178 1080 3248 honos
1103 3183 1188 3248 certo
1216 3184 1249 3247 et
1277 3179 1317 3246 ad
1347 3180 1442 3248 urbes
1469 3179 1587 3248 redun-

357 3291 459 3373 davit,
487 3291 602 3376 quibus
623 3290 762 3358 artifices
784 3291 846 3358 orti
868 3296 973 3359 eraut:
1002 3291 1049 3358 ite
1067 3291 1133 3375 J'am
1156 3291 1298 3375 Bupalus
1320 3295 1354 3359 et
1375 3291 1508 3360 Athenis
1530 3309 1587 3375 pa·

356 3403 437 3470 triae
458 3403 490 3469 in
512 3403 714 3487 InscripIIone
737 3403 880 3471 lecerunt
903 3404 1093 3471 mentionem
1109 3404 1201 3488 (Plio.
1218 3403 1362 3485 XXXVI,
1386 3403 1457 3486 12);
1479 3421 1583 3487 neque

357 3515 487 3597 Onatas,
509 3515 674 3583 Eutelidas
696 3521 729 3583 at
750 3516 997 3602 Chrysothemis,
1021 3516 1159 3597 Phidias,
1183 3517 1312 3583 Ariston
1336 3521 1368 3584 et
1387 3515 1529 3584 Talestss
1551 3515 1584 3581 in

357 3627 512 3710 versibus,
536 3627 651 3710 quibus
674 3645 770 3712 opera
792 3628 832 3695 ab
854 3629 931 3711 ipsis
951 3628 1093 3712 perlecta
1111 3629 1260 3712 superbla
1274 3627 1407 3711 quadam
1423 3633 1584 3709 ornarunt,

357 3739 399 3824 (v.
415 3759 446 3824 p.
461 3740 515 3823 II)
530 3740 652 3824 patrias
666 3740 805 3809 indicare
818 3741 1111 3825 praetermIserunt.
1145 3741 1216 3808 Hoc
1230 3739 1360 3817 accedit,
1381 3739 1463 3823 quod
1479 3745 1585 3808 certae

356 3851 511 3933 quaedam
534 3854 628 3920 urbes
656 3855 747 3935 quasi
774 3854 889 3921 artium
916 3855 1009 3923 sedes
1036 3853 1139 3922 lectae
1165 3861 1253 3934 sunt,
1284 3871 1418 3938 quarum
1446 3852 1583 3922 artifices

358 3980 428 4030 cum
449 3983 527 4048 prae
549 3965 619 4032 aliis
642 3971 727 4033 certe
749 3966 782 4033 in
804 3967 977 4050 peregrinis
998 3966 1180 4049 regionibus
1202 3984 1298 4048 opera
1319 3971 1474 4042 mearent,
1498 3965 1582 4032 baud

425 4157 435 4194 ¹
449 4155 516 4209 Plio.
529 4155 655 4221 xxxvl,
674 4161 706 4213 17
714 4175 721 4208 ε
742 4164 884 4221 ,camarare
899 4166 985 4212 autam
1004 4159 1070 4212 iuter
1088 4177 1116 4212 aa
1134 4159 1208 4212 ambo
1226 4159 1348 4229 discipuli
1365 4159 1539 4228 (mnasilus
1556 4165 1584 4212 at

352 4242 529 4311 ,Alcamenen
547 4244 646 4296 Venere
663 4243 790 4306 facienda,
809 4246 921 4314 viaatqua
938 4245 1090 4298 Alcamenes
1107 4263 1158 4298 nou
1177 4262 1252 4315 opera
1269 4245 1315 4298 aad
1332 4245 1439 4298 civitatia
1456 4243 1582 4311 suffragiis

355 4337 444 4382 centn
462 4331 624 4398 peragrinum
643 4347 689 4382 sno
707 4331 838 4383 larentia.“
875 4334 906 4383 ol.
924 4331 1086 4400 Pausanx,
1109 4335 1141 4395 9,
1163 4335 1192 4388 8:
1216 4331 1262 4386 τὸν
1281 4327 1407 4400 Ἕρμωνα
1428 4327 1583 4392 θεόκοσμος
1609 4362 1615 4371 -

355 4413 478 4484 ποιήσειν
497 4411 609 4476 ἔμελλεν
627 4416 643 4466 d
660 4411 807 4485 Μεγαρεὺς
825 4414 874 4468 dra
895 4416 945 4469 ὑπὸ
964 4419 1018 4470 τῶν
1037 4413 1186 4488 Μεγαρέών
1206 4417 1380 4490 ἐγγραφέντα
1397 4415 1428 4475 ἒς
1444 4417 1494 4486 τὴν
1513 4414 1581 4468 noda·

356 4499 443 4554 τείαν.
472 4502 563 4569 Itaque
580 4502 739 4556 mirationem
758 4521 808 4556 nou
825 4513 918 4566 moret,
936 4505 1003 4572 qnod
1015 4505 1171 4559 Praxitelem
1183 4506 1258 4558 cnidi
1276 4513 1366 4558 natum
1383 4521 1440 4557 oasa
1452 4503 1582 4557 Oadnnua

354 4589 434 4656 (Ana.
452 4606 478 4656 p.
491 4586 553 4654 322)
570 4589 688 4651 tradidit,
708 4597 733 4641 at
751 4589 859 4658 Apellea
877 4592 947 4643 Goua
964 4590 1110 4659 appellatus
1127 4601 1168 4644 eat
1185 4599 1212 4646 at
1228 4593 1260 4646 ab
1279 4591 1369 4644 OrIdio
1387 4591 1428 4657 (ax
1442 4599 1523 4660 ponto
1534 4591 1581 4655 IV,

357 4681 387 4739 l,
405 4677 455 4737 293
479 4692 520 4728 ara
542 4675 655 4739 am.111,
679 4678 743 4743 401)
764 4687 790 4731 ot
811 4696 828 4731 a
849 4678 934 4732 Plinio
952 4677 1069 4748 (mv,
1094 4679 1153 4747 79),
1178 4695 1236 4732 cum
1259 4679 1301 4731 hia
1323 4677 1386 4730 loo'rs
1412 4677 1582 4747 pulcherrima

356 4759 457 4816 allorum
477 4761 601 4816 artilicm
619 4779 696 4832 opera
714 4764 797 4832 posita
815 4775 907 4819 maana.
