3586 5520
892 559 1129 625 -162-

856 745 984 832 [Λίνδιοι
1005 745 1166 833 ἐτίμασαν]

768 857 983 947 Ἀδονδδιορον
1001 857 1251 948 Ἀγη[σ]ιίνδ[ροο

772 971 845 1037 παιδ’
869 971 1015 1037 ὑοδεσίαν
1037 972 1074 1036 δὲ
1096 969 1255 1037 Διονυσίου

780 1085 896 1173 ἐπαίνῳ
912 1085 1075 1176 χρυσ[έ]ῳ
1098 1087 1247 1172 στεφάνῳ

859 1200 907 1263 καί
929 1196 1019 1262 είιιδνι
1036 1195 1165 1286 χαλκέᾳ·

578 1311 608 1374 5.
696 1308 866 1374 δεδώιοντι
889 1308 927 1373 δὲ
948 1309 1035 1396 αὐτῷ
1057 1311 1105 1373 καί
1127 1308 1332 1394 ἀναγόρευσιν

703 1420 796 1485 τᾶνδε
818 1425 873 1485 τᾶν
896 1427 982 1505 τιμᾶν
1005 1421 1050 1492 εἷς
1072 1421 1123 1486 τὸν
1146 1419 1193 1485 ἀεὶ
1210 1419 1326 1510 χρόνον

759 1533 816 1596 καὶΙ
828 1532 997 1620 προεδρίαν
1020 1530 1053 1595 ἐν
1077 1533 1141 1602 τοῖς
1162 1531 1262 1615 ἀγῶσι

611 1646 660 1708 καί
681 1642 796 1732 σίτησιν
819 1642 852 1706 ἐν
875 1641 1059 1730 ίιροδοτείῳ
1082 1645 1130 1706 καί
1153 1642 1408 1729 στεφαναφορίαν

637 1753 671 1818 ἐν
694 1759 761 1826 ταῖς
782 1754 971 1843 ποναρίρεσι
994 1752 1071 1818 καθ’
1094 1755 1222 1819 ἕκαστον
1245 1753 1383 1819 ἐνιαυτὸν
1408 1797 1412 1805 ‚

557 1866 606 1932 10.
857 1867 907 1938 οἷς
928 1867 1032 1950 ἄγοντι
1053 1864 1167 1930 Δίνδιοι

639 1981 642 1986 ’
688 1976 852 2059 εὐσεβείας
872 1977 961 2042 ἕνεκα
984 1977 1128 2048 nicotori
1150 1977 1222 2048 τοὺς
1244 1975 1338 2047 δεοὺς

675 2091 724 2152 καί
746 2090 863 2176 ἀρετᾶς
884 2091 932 2153 καί
955 2087 1076 2159 εὐνοίας
1097 2089 1145 2152 καί
1167 2087 1347 2174 φιλοδοξίας

628 2200 666 2265 δν
688 2198 767 2291 ἔχων
788 2199 924 2264 διατελεῖ
943 2201 987 2271 είς
1008 2203 1042 2264 ιδ
1066 2197 1185 2288 πλῆδος
1208 2201 1241 2263 τὸ
1263 2198 1394 2263 Λινδίων

759 2312 807 2376 καὶ
830 2312 874 2383 εἷς
895 2313 947 2375 τὸν
970 2311 1132 2394 σύμπαντα
1156 2310 1265 2395 δᾶμον.

490 2423 574 2489 Num
602 2421 651 2486 iio
680 2423 900 2490 Athonodorus
930 2423 1104 2506 Agesandri
1134 2443 1171 2490 ex
1200 2423 1386 2491 Laocoontis
1413 2424 1638 2506 sculptoribus

406 2533 615 2601 celebem'mio
638 2535 746 2612 fuerit,
769 2536 934 2620 dijudicari
956 2556 1038 2603 nunc
1060 2536 1183 2619 quidem
1207 2555 1267 2603 non
1289 2540 1407 2620 potest:
1435 2536 1542 2617 itaque
1579 2537 1638 2604 hic

401 2646 520 2712 'titulus
542 2647 583 2712 ad
604 2646 728 2713 illorum
751 2653 884 2714 oetatem
908 2646 1113 2714 definiendam
1136 2647 1239 2714 adhuc
1260 2647 1337 2712 nihil
1360 2647 1451 2714 valeo

457 2835 483 2912 ν,
