3608 5528
695 563 956 636 '-55-

246 757 316 822 τότε
339 758 502 848 ἀρχαῖον
523 758 577 834 ita,
599 763 636 824 nt
657 757 756 824 solum
772 757 838 824 tere
852 759 982 840 antiqua
997 763 1199 826 monumenta
1212 757 1344 842 pulchra
1357 759 1466 827 habita

248 887 318 938 esse
340 870 521 952 videantur,
549 870 582 935 iu
604 887 727 936 omnem
750 868 942 936 Graecorum
970 869 1124 938 artificum
1155 870 1342 937 mentionem
1372 870 1464 937 cadit

248 982 361 1066 Itaque
383 987 523 1050 veterum
545 981 623 1048 artis
645 980 776 1047 historia
797 999 867 1050 sero
890 981 1016 1048 tandem
1038 982 1190 1056 exstitit¹;
1213 986 1246 1048 ct
1260 985 1296 1047 ut
1310 981 1465 1048 Doridem

244 1093 401 1160 hominem
427 1094 520 1160 nimis
547 1092 708 1162 credulum
738 1093 955 1172 omittamus²,
989 1094 1108 1176 primns
1135 1094 1348 1161 Xenocrates⁸
1377 1113 1467 1162 accu-

244 1207 346 1273 ratius
368 1207 399 1272 in
423 1204 579 1273 artificum
601 1203 764 1272 historiam
787 1205 985 1287 inquisivisse
1007 1204 1146 1280 videtum
1170 1204 1225 1271 sed
1248 1222 1287 1270 ne
1301 1203 1385 1270 hunc
1400 1204 1466 1288 qui-

245 1317 315 1384 dem
342 1335 393 1384 res
420 1334 520 1401 usque
548 1316 589 1382 ad
618 1333 677 1383 sna
702 1321 846 1399 tempora
873 1315 1039 1383 deduxIsse
1068 1332 1105 1382 eo
1134 1314 1283 1396 efficitur,
1309 1315 1410 1396 quod,
1439 1317 1466 1382 si

243 1428 344 1496 Plinio
367 1427 522 1496 credimus
544 1427 701 1510 (XXXIV,
732 1428 802 1513 83),
830 1433 936 1494 utrum
959 1429 1119 1496 TisicratIs
1141 1427 1312 1511 discipulus
1339 1447 1380 1495 an
1401 1430 1466 1495 Eu·

245 1540 396 1625 thycratis
418 1539 548 1621 fuisset,
577 1540 706 1608 dubium
728 1545 812 1607 crat:
839 1540 889 1607 hic
910 1546 1016 1609 autem
1038 1540 1168 1625 Lysippi
1193 1538 1277 1605 filius
1305 1547 1386 1621 erat,
1414 1540 1467 1608 illc

245 1651 440 1736 (Tisicrates)
462 1650 556 1736 hujus
578 1649 635 1718 dlii
656 1651 843 1736 discipulum
865 1653 911 1718 ita
931 1654 959 1720 si
973 1655 1166 1721 Xenocrates
1188 1651 1348 1734 aequalem
1364 1658 1467 1721 artem

244 1763 442 1844 illustrasset,
464 1769 568 1830 utrum
591 1764 776 1848 magIstrum
798 1765 975 1845 habuisset,
998 1766 1153 1832 incertum
1175 1781 1244 1832 esse
1265 1783 1329 1832 non
1352 1767 1465 1849 potuit.

244 1874 295 1941 Illi
316 1875 413 1960 igitur
435 1875 490 1960 qui
513 1875 551 1942 de
574 1874 746 1944 artificibus
768 1877 971 1961 scripserunt,
994 1877 1077 1944 unde
1099 1882 1279 1945 sumserunt
1300 1877 1381 1943 sua?

328 1985 602 2053 Monumentorum
623 1986 819 2070 publicorum
841 1988 967 2069 quidem
989 1993 1134 2056 auctores
1154 1987 1363 2071 incolumnis,
1386 2006 1465 2072 quas

244 2098 420 2181 sumptibus
442 2097 533 2164 iactis
563 2098 729 2182 inscriptas
757 2103 790 2164 et
817 2100 940 2182 publice
969 2100 1088 2184 positas
1116 2119 1186 2167 csse
1213 2104 1354 2179 constat,
1384 2099 1468 2182 lege

244 2211 375 2292 bantur,
403 2210 493 2294 cujus
519 2210 566 2277 rei
589 2213 714 2295 egregio
736 2212 914 2279 testimonia
935 2212 1072 2278 rationes
1094 2212 1165 2280 illae
1190 2211 1308 2278 relatae
1337 2210 1468 2295 (syllB

243 2325 305 2388 n.l
324 2321 394 2407 sq),
417 2323 542 2406 quibus,
568 2325 621 2407 qui
637 2315 848 2390 Erechtheum
871 2327 1078 2390 extruxerunt
1099 2329 1131 2388 et
1146 2326 1345 2398 ornaverunt,
1367 2325 1467 2388 acter-

245 2453 304 2502 nae
325 2435 495 2502 memoriae
516 2434 632 2518 proditi
648 2439 737 2514 sunt;
761 2435 823 2501 huc
837 2451 961 2518 quoque
976 2433 1109 2501 fortasse
1124 2431 1233 2500 referri
1247 2437 1361 2517 potest,
1383 2433 1468 2516 quod

245 2547 327 2614 Dion
348 2545 590 2630 chrysostomus
620 2547 699 2612 dixit
727 2547 785 2631 (or.
801 2546 907 2612 XXXI
928 2567 958 2630 p.
976 2546 1037 2611 377
1060 2545 1201 2630 Emper.)
1230 2544 1367 2634 δημοσίᾳ
1396 2544 1469 2615 rob<

248 2657 436 2746 ἀνδριάντας
469 2655 701 2744 ἀπεγράψασθε
734 2657 821 2744 ὑμεῖς
828 2682 840 2742 ,·
878 2664 910 2725 et
943 2678 980 2725 ex
1013 2657 1074 2746 illis
1106 2656 1279 2725 rationibus
1312 2655 1467 2724 artificum

245 2771 370 2837 nomina
406 2772 584 2855 posteriorc
620 2776 761 2852 tempore
797 2771 912 2837 hausta
947 2787 1015 2838 csse
1046 2768 1207 2836 Plutarchi
1239 2768 1377 2835 Periclis.
1409 2768 1465 2834 vit

244 2901 312 2964 cap.
333 2883 414 2950 XIII
441 2883 620 2949 ostenditur
648 2879 773 2952 Φειδίας
801 2883 963 2969 εἰργάξετο
989 2881 1047 2966 μὲν
1076 2883 1133 2970 τῆς
1160 2877 1237 2945 θεοῦ
1266 2886 1301 2944 τὸ
1325 2881 1466 2968 χρυσοῦν

245 2992 319 3065 ἕδος
340 2995 388 3060 καὶ
410 2992 519 3058 τούτου
545 2993 736 3082 δημιουργὸς
757 2991 791 3057 ἐν
813 3000 852 3081 τῇ
875 2994 973 3082 στήλῃ
997 2991 1072 3058 εἶναι
1093 2991 1299 3078 γέγραπται4;
1327 2992 1384 3059 sed
1408 2990 1467 3060 hoc

316 3245 434 3314 ¹Ilpqer.
451 3261 501 3298 rer.
520 3243 588 3299 arch.
606 3250 667 3298 torn.
681 3242 719 3297 111
735 3242 825 3312 (1846)
842 3259 868 3311 p.
879 3244 930 3300 ssi
949 3243 976 3294 iu
993 3241 1203 3296 commentatione
1221 3257 1289 3311 quas
1305 3249 1345 3296 est
1366 3241 1397 3295 ds
1414 3240 1466 3294 Po·

243 3332 343 3384 lemone
362 3333 501 3400 periegeta.

318 3415 455 3486 ²Brieger.
472 3418 504 3470 da
521 3418 625 3474 Iontibb.
643 3425 694 3472 nat
712 3417 772 3472 hist.
784 3417 852 3470 Pliu.
869 3419 942 3471 libbr.
954 3416 1211 3476 mlii-‚xxm
1228 3434 1254 3485 p.
1265 3417 1308 3478 30,
1327 3418 1375 3476 613
1393 3414 1467 3468 illum

243 3503 364 3559 Durideun
377 3503 491 3556 Samium
509 3521 577 3566 esee,
597 3505 666 3572 quod
684 3505 787 3573 negarit
797 3504 905 3556 Vossius
922 3507 958 3574 (p.
974 3507 1022 3561 194
1040 3505 1079 3557 ed.
1091 3503 1247 3568 bisulcum),
1264 3518 1350 3554 omues
1364 3502 1410 3553 viri
1423 3503 1466 3556 dd.

244 3607 313 3642 nunc
330 3593 472 3642 consentire
490 3590 625 3642 ridentur:
643 3589 756 3658 Brieger.
775 3590 792 3643 l.
812 3590 830 3642 l.
854 3589 882 3642 (l.
900 3590 1000 3646 Muller.
1017 3591 1115 3658 frgmm.
1135 3591 1193 3644 hist.
1211 3608 1249 3660 gr.
1262 3590 1287 3642 11
1304 3608 1328 3657 p.
1341 3589 1392 3645 loo
1410 3606 1465 3656 sqq.

245 3677 470 3746 XnightWatsou.
490 3679 522 3730 de
539 3676 641 3729 veterib.
661 3676 827 3744 scriptoribus
846 3678 890 3746 qui
907 3677 939 3730 de
956 3685 1009 3730 arte
1020 3686 1046 3730 et
1057 3677 1196 3730 artificibus
1208 3675 1368 3744 scripserunt,
1387 3676 1467 3727 Jour-

244 3764 290 3818 ual
308 3765 339 3816 od
351 3763 468 3818 classical
490 3765 541 3816 and
563 3763 652 3816 sacred
676 3764 826 3834 philology,
850 3763 1005 3834 Cambridge
1018 3765 1092 3822 1854.
1110 3764 1122 3815 1
1140 3781 1165 3832 p.
1176 3763 1234 3819 364.
1259 3763 1303 3830 qui
1320 3758 1467 3830 Briegerum

243 3851 336 3920 effugit
521 3867 524 3874 ⁴

312 3936 450 4007 ³Brieger.
467 3937 486 3993 1.
504 3937 522 3990 l.
540 3956 566 4007 p.
581 3939 621 3993 II.

316 4025 411 4093 ⁴quod
429 4026 461 4077 de
477 4023 619 4078 rationibus
641 4029 782 4078 curatorum
803 4037 908 4092 operum
932 4022 1025 4074 dictum
1050 4039 1107 4075 esse
1130 4021 1217 4075 Odeis.
1234 4020 1337 4073 Mulier.
1360 4019 1467 4072 eredidit

244 4112 290 4180 (da
301 4113 411 4166 Phidias
428 4112 479 4164 vita
494 4119 520 4163 et
537 4110 656 4178 operibus
674 4128 700 4180 p.
711 4111 744 4165 99
756 4115 809 4162 not.
821 4110 856 4175 a),
874 4125 949 4177 quem
962 4109 1123 4178 impugnavit
1133 4109 1164 4162 II.
1176 4109 1315 4160 Ruchettus
1327 4105 1467 4174 (questions

246 4199 280 4251 de
297 4197 375 4252 l’hist
393 4197 425 4250 da
442 4195 500 4250 l’art
516 4214 541 4264 p.
555 4198 589 4252 28
606 4203 659 4248 uot.
671 4197 707 4262 3.)
732 4195 775 4263 qui
798 4195 821 4246 si
838 4195 990 4248 Plutarchus
1013 4195 1077 4247 illud
1098 4196 1237 4255 voluisset,
1251 4193 1285 4245 'ei
1307 4191 1466 4245 scribendum

244 4285 324 4338 luisse
341 4281 372 4344 λς
390 4281 493 4353 στήλήν
512 4283 552 4335 vel
571 4280 599 4332 ἐν
619 4279 705 4352 στήλῃ
724 4299 758 4335 ex
776 4281 932 4334 decretorum
949 4298 998 4334 usu
1017 4283 1130 4343 censuit;
1150 4281 1218 4350 quod
1236 4279 1296 4332 satis
1316 4279 1465 4332 absurdum:

244 4388 303 4424 nam
321 4369 450 4432 articulus,
471 4385 522 4438 qun
538 4370 604 4421 bene
622 4383 685 4420 usus
702 4377 743 4421 eat
760 4368 908 4420 Plutarchus
927 4385 1004 4436 agens
1023 4367 1054 4420 de
1072 4376 1140 4422 certa
1156 4366 1277 4420 columna
1289 4365 1389 4434 jamdiu
1407 4383 1466 4434 per·

244 4459 329 4518 tecta,
352 4457 380 4508 iu
398 4455 504 4508 decretis
521 4462 591 4506 recte
609 4455 748 4517 omittitur,
773 4453 906 4505 columnae
929 4454 996 4506 enim
1018 4471 1070 4506 non
1089 4456 1145 4522 jam
1170 4461 1235 4506 suut.
1276 4452 1377 4504 Deinde
1399 4450 1467 4518 quud

243 4542 381 4596 Itoahettm
399 4543 426 4608 (l.
447 4541 476 4606 l)
494 4537 595 4610 στήλην
613 4539 657 4593 hio
675 4539 772 4608 sucepit
788 4557 834 4608 pro
851 4535 963 4609 βάθρῳ,
984 4541 1085 4608 probari
1103 4557 1154 4593 uon
1173 4548 1271 4609 potest:
1290 4535 1390 4607 στήλήν
1408 4538 1466 4606 qui·

244 4629 303 4681 dem
321 4627 373 4680 diui
393 4626 508 4691 debari,
528 4629 555 4678 in
574 4642 625 4694 qna
644 4642 708 4692 opus
726 4624 829 4692 aliquod
846 4624 961 4692 ponitur,
979 4634 1006 4678 et
1022 4625 1165 4679 Pausaniae
1176 4627 1197 4688 1,
1215 4627 1247 4682 16
1265 4623 1423 4694 paragrapho
1441 4625 1467 4685 6,

243 4733 320 4785 quarn
335 4715 367 4767 s.
385 4713 511 4777 laudaris,
530 4721 557 4766 et
574 4713 619 4778 111,
640 4713 681 4774 18,
700 4714 716 4768 'i
735 4709 817 4780 (ἀνὴρ
835 4709 988 4770 πένταθλός
1006 4710 1079 4763 ἐστιν
1098 4709 1141 4764 ἐπὶ
1159 4709 1271 4782 στήλης)
1288 4719 1314 4763 et
1329 4711 1369 4772 X,
1388 4711 1430 4776 tl,
1449 4712 1465 4766 ν

242 4793 371 4858 (θεάσαιο
388 4795 421 4850 dr
440 4797 484 4851 aul
501 4797 591 4851 εἰκόνα
604 4795 719 4869 Ὁμήρου
734 4795 837 4870 χσλτήν
856 4793 900 4850 ἐπὶ
917 4795 1016 4872 στήλῃ)
1035 4802 1097 4856 salle
1115 4799 1242 4863 firmatura
1261 4797 1307 4853 sed
1325 4796 1467 4866 propulsatio
