3586 5520
859 549 1092 614 -168-

450 736 617 827 γράμματα
634 735 747 804 Ἀττικὰ
774 739 889 829 ἀρχαῖα
916 740 1002 822 (ante
1029 738 1068 805 ol.
1091 739 1147 818 94,
1173 738 1207 821 2)
1237 736 1275 804 ef.
1298 737 1329 804 J.
1351 738 1462 804 Franz.
1493 735 1583 803 elem.

367 851 464 935 epigr.
486 870 517 935 p.
533 852 584 916 26.
608 851 741 919 Boeclrh.
765 852 805 918 ad
827 871 858 917 n.
875 851 925 916 25.
949 848 983 915 Ο.
1007 849 1032 914 1.

946 1098 1011 1183 [τι.

455 1237 564 1322 [plue]
585 1239 651 1303 vite
672 1237 701 1302 X
723 1256 767 1304 or.
812 1237 908 1303 Isocr.
924 1237 980 1300 2⁷:

458 1355 613 1426 ἀνάκειται
634 1356 672 1420 δὲ
693 1355 788 1421 αὐτοῦ
811 1356 859 1418 καὶ
882 1354 914 1418 ἐν
933 1351 1077 1419 Ἐλευσῖνι
1099 1355 1187 1419 εἰκὼν
1204 1353 1305 1443 χαλκῆ
1328 1351 1508 1440 ἔμπροσθεν
1536 1358 1595 1419 τοῦ

371 1463 541 1555 προστῴου
564 1467 623 1531 ὑπὸ
651 1463 799 1551 Τιμοθέου
824 1468 877 1529 τοῦ
899 1464 1054 1542 Κόνωνος,
1077 1466 1125 1529 καὶ
1148 1463 1379 1552 ἐπιγέγραπται·

580 1603 730 1691 Τιμόθεος
751 1604 854 1691 φιλίας
875 1628 908 1670 τε
925 1600 1028 1695 χάριν,
1053 1603 1154 1693 ξενίην
1175 1628 1209 1670 τε
1232 1608 1390 1691 προτιμῶν

641 1712 837 1804 Ἰσοκράτους
858 1716 928 1780 ελκδι
952 1714 1040 1804 τὴνδ’
1063 1713 1196 1803 ἀνέθηκε
1218 1713 1316 1787 θεαῖς.

804 1825 1047 1917 Λεωχάρους
1068 1825 1160 1913 ἔργον

373 1965 418 2029 ite
433 1964 609 2031 Leochares
633 1965 701 2048 ipse
722 1968 807 2032 certe
829 1984 890 2031 non
913 1965 1038 2048 scripsit
1054 1964 1104 2050 (ei.
1121 1965 1188 2049 syll.
1205 1983 1235 2032 n.
1248 1965 1313 2048 31),
1336 1963 1456 2030 sedhic
1471 1963 1597 2031 dicendi

373 2074 484 2142 modus
507 2076 638 2144 debetur
660 2077 822 2160 scriptori,
850 2077 904 2157 qni
926 2074 1060 2143 fortasse
1088 2095 1150 2144 non
1178 2095 1216 2143 ex
1242 2076 1444 2157 inscriptione
1471 2074 1527 2140 sed
1558 2095 1600 2140 ex

373 2206 431 2256 sno
453 2185 581 2254 artificis
603 2205 715 2254 nomen
737 2187 881 2273 nnninie]

458 2508 548 2592 Diog.
572 2508 678 2574 Laeni.
695 2506 755 2589 111,
778 2509 835 2574 25:
958 2421 1008 2486 22⁸

735 2615 941 2708 Μιθραδάτης
962 2621 979 2684 δ
1000 2619 1128 2708 Πέρσης
1149 2614 1318 2705 ἀνδριάντα
1338 2614 1508 2688 Πλάτωνος
1529 2617 1602 2682 ἀνέ-

377 2733 454 2800 θετο
484 2737 529 2805 εἰς
558 2737 612 2822 την
637 2729 817 2821 Ἀκαδημίαν
847 2734 895 2796 καὶ
922 2730 1099 2818 ἐπέγραψε·
1134 2724 1337 2818 Μιθραδάτης
1365 2731 1383 2791 δ
1407 2723 1602 2810 Ῥοδσβάτου

376 2846 506 2936 Πέρσης
527 2847 665 2916 Μούσαις
686 2845 787 2910 ελκδνα
811 2843 942 2908 ἀνέθετο
965 2840 1151 2919 Πλάτωνος,
1180 2843 1218 2930 ἣν
1240 2839 1438 2905 Σιλανίων
1460 2837 1602 2926 ἐποίησε.

963 3093 1014 3158 23.

370 3331 371 3336 χ
463 3234 599 3302 Mertiel.
617 3235 671 3314 IX,
695 3235 737 3298 44
759 3234 821 3318 (ed.
845 3231 1049 3315 Schneider.)

657 3358 787 3426 Alciden
808 3357 900 3424 moin
921 3356 1061 3424 Vindicis
1083 3357 1232 3438 rogabam

655 3476 738 3537 esset
760 3471 851 3552 nujus
873 3487 952 3550 opus
973 3467 1123 3552 laborque
1145 3465 1228 3534 felix.

653 3582 824 3648 risit-nem
847 3580 929 3647 solet
949 3579 1159 3662 hoe-levique
1181 3582 1270 3658 nutu,

656 3694 775 3762 Graece
797 3691 959 3775 numquid,
981 3693 1035 3772 eit,
1056 3695 1150 3774 poete
1171 3691 1296 3757 nescis?

656 3806 807 3889 inscripta
828 3811 878 3871 eet
898 3803 985 3871 basis
1005 3802 1184 3884 indicetque
1205 3820 1326 3868 nomen.

657 3917 862 3983 Λυσίππου
884 3916 963 4000 lego,
986 3912 1115 3981 Phidiae
1137 3914 1254 3996 putnvi.

961 4165 1024 4251 [24.

468 4306 662 4375 ὒουευιυυίυ.
686 4306 876 4390 Porphyrog.
900 4305 939 4372 de
961 4304 1076 4370 admin.
1099 4305 1171 4387 imp.
1188 4304 1245 4369 21:

470 4413 570 4492 ἐλθὼν
593 4427 629 4490 δέ
652 4451 689 4515 τη
703 4423 800 4512 Ῥόδῳ
822 4423 946 4490 καθεῖλε
969 4426 1021 4489 τὸν
1044 4425 1192 4489 κολοσσὸν
1209 4425 1260 4488 τὸν
1275 4423 1309 4488 ἐν
1323 4422 1411 4511 αὐτῷ
1425 4417 1611 4508 ίστάμενον·

385 4539 507 4626 ἄγαλμα
528 4539 565 4604 δὲ
586 4539 624 4629 ην
641 4535 738 4604 Ἡλίου
757 4538 890 4627 χαλκοῦν
913 4535 1149 4626 κεχρυσωμένον
1171 4535 1232 4598 ἀπὸ
1256 4534 1393 4622 κεφαλῆς
1414 4533 1477 4604 ἕως
1498 4534 1611 4600 ποδῶν

388 4649 467 4739 έχων
489 4649 570 4737 θῴος
590 4653 697 4740 πήχεις
718 4643 754 4716 π’
777 4651 825 4714 καί
854 4642 969 4718 πλάτος
997 4647 1160 4730 ἀναλόγως
1181 4649 1234 4710 τοῦ
1257 4643 1369 4730 inane,
1399 4641 1507 4715 καθὼς
1524 4669 1611 4732 μαρ-

387 4769 475 4851 τυρεῖ
495 4766 529 4828 τὸ
553 4763 729 4850 ἐπίγραμμα
753 4765 786 4827 τὸ
809 4765 888 4851 πρὸς
910 4766 962 4853 την
983 4756 1077 4846 βάσιν
1100 4765 1161 4825 τῶν
1184 4759 1289 4824 ποδῶν
1312 4756 1543 4847 γεγραμμένον·
