3608 5528
897 525 1110 592 ,62-

396 714 476 804 ναίᾳ,
499 714 554 783 ubi
576 714 670 780 etiam
691 717 767 780 nota
787 712 939 781 artificem
963 731 997 782 se
1019 733 1080 780 non
1104 733 1142 781 ex
1164 714 1254 782 demo
1276 714 1509 799 denominasse,
1530 719 1615 800 quod

394 827 541 893 usitatius
564 826 606 909 (p.
622 825 688 910 43).
733 826 838 893 Etiam
860 844 971 892 versus
993 824 1046 892 illo
1074 831 1214 909 tempore
1241 827 1272 892 in
1301 846 1362 894 usu
1389 829 1543 896 mansisse
1570 829 1616 895 vi·

395 939 496 1004 dimus
517 957 548 1022 p.
562 939 612 1019 17,
635 937 690 1004 scd
711 935 745 1002 bi
767 955 891 1020 quoquc
914 938 1043 1004 summis
1065 941 1188 1005 tantum
1209 940 1356 1022 operibns
1372 940 1516 1024 inscripti
1530 945 1613 1008 sunt.

394 1050 504 1134 Neque
526 1049 631 1116 omnia
653 1050 791 1116 omnium
812 1067 961 1130 generum
985 1048 1118 1118 artificia
1133 1054 1296 1118 auctarum
1311 1052 1489 1119 nominibus
1504 1057 1616 1121 ornata

396 1167 479 1242 sunt,
503 1162 559 1229 sed
580 1165 705 1230 statuae
727 1162 838 1241 solnm,
860 1178 992 1244 quarum
1012 1161 1044 1226 in
1063 1161 1229 1229 basibus
1248 1161 1421 1230 minoribus
1435 1163 1558 1245 litteris,
1579 1167 1617 1229 ut

394 1273 498 1356 decet,
529 1273 638 1357 scripti
660 1279 694 1340 et
715 1273 793 1339 satis
816 1291 929 1356 magno
951 1271 1115 1342 intervallo
1137 1275 1156 1340 a
1182 1255 1294 1341 votivis
1323 1273 1424 1340 titulis
1453 1275 1615 1352 distantes,

393 1384 547 1452 mtificum
569 1384 654 1451 tituli
675 1384 886 1465 inveniuntur,
910 1383 965 1467 qui
985 1401 1062 1450 usus
1079 1389 1112 1450 et
1126 1386 1300 1469 posteriore
1314 1391 1455 1470 tempore
1470 1391 1504 1453 et
1517 1386 1614 1454 omni·

394 1496 453 1564 bus
475 1498 507 1563 in
529 1497 709 1580 regionibus
732 1495 868 1563 obtinuit
890 1497 944 1577 ita,
966 1500 1004 1562 nt
1025 1515 1061 1562 ex
1085 1513 1121 1562 eo
1144 1495 1295 1564 artificem
1310 1494 1496 1582 inscriptum
1510 1498 1612 1582 possis

392 1625 588 1692 cognoscere.
634 1607 765 1674 Athenis
796 1613 900 1674 autem
931 1625 1002 1673 cnm
1031 1607 1145 1674 summi
1172 1607 1308 1677 artifices
1336 1607 1485 1692 inissent,
1515 1611 1615 1677 incre-

392 1721 530 1788 buerunt
551 1725 585 1786 et
606 1719 824 1802 inscriptiones
847 1725 879 1786 et
899 1724 1005 1803 patres
1033 1719 1175 1804 inscripti
1203 1724 1236 1788 et
1263 1720 1426 1802 demoliri3
1455 1727 1488 1789 et
1515 1721 1614 1790 medi·

393 1849 481 1900 ocrea
503 1829 639 1898 artifices
661 1830 838 1897 nominibus
860 1831 1018 1914 inscriptis
1041 1847 1116 1898 sane
1137 1832 1235 1898 multo
1268 1833 1419 1917 majorem
1446 1834 1614 1900 memoriae

392 1961 480 2027 spem
501 1942 689 2021 habuerunt,
713 1960 884 2026 eorumque
905 1941 1123 2026 inscriptiones
1145 1962 1165 2009 a
1186 1944 1392 2028 scriptoribus
1415 1945 1469 2029 qui
1490 1945 1530 2012 de
1544 1951 1615 2012 arte

392 2056 529 2140 agebant
550 2073 611 2122 non
634 2069 703 2121 esse
725 2051 885 2138 neglectas
906 2052 1112 2122 intelleximus
1136 2055 1179 2139 (p.
1195 2054 1236 2120 36
1259 2073 1326 2139 sqq.
1349 2055 1442 2140 nott)

476 2192 670 2261 Rhodiorum
691 2197 796 2259 autem
820 2190 974 2259 artificum
996 2193 1074 2259 satis
1095 2192 1186 2259 multi
1206 2198 1329 2277 patres,
1358 2211 1466 2260 omnes
1492 2193 1613 2275 patrias

391 2306 539 2391 operibus
561 2305 764 2389 inscripsere3
786 2303 900 2388 quibus
923 2319 961 2370 er
981 2303 1236 2386 inscriptionibus
1259 2311 1292 2372 et
1313 2310 1414 2372 artem
1430 2304 1611 2388 agentibus

390 2416 475 2485 band
496 2436 569 2484 raro
592 2421 797 2502 propagatam
818 2421 852 2482 et
873 2434 893 2482 a
913 2415 1076 2500 republica
1095 2415 1281 2484 honoratam
1303 2435 1373 2484 esse
1395 2417 1460 2502 (66,
1482 2417 1532 2498 71,
1545 2417 1612 2500 ,74)

391 2529 504 2598 munet
548 2529 770 2614 Inscriptiones
792 2545 899 2596 omnes
921 2525 987 2595 iere
1008 2528 1118 2594 eadem
1144 2527 1246 2595 forma
1272 2534 1347 2595 sunt
1374 2529 1438 2611 ita,
1466 2532 1503 2596 ut
1529 2529 1614 2612 aspi-

390 2641 484 2708 cienti
504 2646 667 2708 moueatur
688 2640 834 2724 suspicio,
856 2639 901 2706 ibi
923 2643 1024 2706 artem
1046 2641 1138 2723 quasi
1158 2642 1319 2724 negotium
1340 2640 1482 2708 amultis
1497 2639 1614 2706 medio—

390 2753 497 2821 cribus
518 2751 691 2819 artificibus
714 2769 784 2819 csse
807 2751 989 2832 exercitam
1012 2771 1144 2836 qnorum
1165 2771 1276 2820 revera
1290 2753 1439 2836 perpauci
1454 2757 1614 2818 tantuma

391 2863 597 2946 scriptoribus
619 2863 701 2929 inter
716 2862 852 2930 artifices
867 2862 1051 2946 insigniores
1066 2864 1158 2930 relati
1172 2864 1319 2931 ridentur
1333 2862 1475 2949 [Chares
1498 2863 1614 2948 Pytho-

392 2975 490 3043 critus
512 2975 604 3059 (Plin.
619 2975 763 3056 XXXIV,
780 2975 834 3059 91)
858 2975 1054 3042 Aristonicus
1070 2975 1227 3060 (XXXIV,
1245 2975 1319 3060 140)
1342 2981 1407 3043 tres
1423 2974 1614 3041 Laocoontis

389 3092 533 3155 auctores
556 3087 713 3172 (XXXVI,
736 3087 814 3173 37)].

473 3225 594 3293 Deinde
616 3244 686 3293 eum
707 3231 792 3293 artes
814 3225 946 3292 Romam
968 3225 1204 3308 migravissent,
1231 3244 1337 3292 omnes
1359 3224 1426 3292 lere
1454 3223 1610 3291 arfificum

389 3335 607 3430 inscriptiones
635 3336 838 3404 disertissime
868 3337 1059 3420 compositae
1087 3342 1162 3402 sunt
1192 3329 1393 3420 (quamquam
1424 3334 1462 3401 ci.
1490 3355 1520 3418 p.
1543 3337 1611 3418 41),

390 3447 473 3531 quod
496 3447 652 3515 artificum
674 3449 794 3515 animos
816 3447 894 3516 satis
917 3463 1013 3514 vanos
1035 3447 1188 3527 indicat¹;
1216 3453 1357 3513 mutatus
1387 3452 1437 3514 est
1463 3453 1496 3513 et
1522 3446 1611 3514 locus

388 3558 614 3642 inscriptionis:
646 3560 881 3644 antiquissimus
904 3559 986 3626 enim
1007 3576 1076 3624 mos
1106 3557 1188 3642 (syll.
1211 3578 1241 3624 n.
1258 3557 1291 3642 2)
1322 3560 1471 3640 recurrit,
1500 3558 1545 3624 ita
1574 3563 1612 3624 nt

389 3669 421 3736 in
443 3671 573 3753 plinthis
596 3675 629 3737 et
649 3671 764 3737 statuis
784 3669 862 3754 ipsis
884 3675 1047 3738 auctorum
1069 3668 1196 3736 nomina
1221 3669 1474 3737 inscriberentur.
1518 3670 1611 3750 Quod

383 3800 428 3870 ‘ne
450 3798 549 3864 aequo
571 3782 664 3848 nimis
686 3781 840 3850 artificum
866 3782 1032 3866 superbiae
1060 3787 1093 3848 et
1121 3781 1318 3865 arrogantiae
1346 3783 1465 3848 crimini
1493 3786 1609 3863 vertas,

390 3895 470 3962 artis
492 3893 630 3962 conditio
652 3899 722 3962 erat
748 3901 887 3962 mutata:
918 3913 990 3961 nam
1018 3892 1169 3976 artificia,
1199 3911 1270 3960 cum
1298 3893 1330 3959 in
1353 3892 1486 3961 Graecia
1514 3893 1610 3960 nrbes

389 4011 539 4073 ornarent
561 4023 683 4090 semper
705 4025 853 4073 mansura
874 4007 907 4073 in
928 4006 1039 4073 iisdem
1060 4004 1197 4086 basibus,
1220 4005 1400 4072 aRomanis
1418 4005 1450 4071 in
1465 4003 1610 4071 villarum

389 4117 483 4186 exilia
504 4115 596 4202 pulsa
617 4119 743 4204 saepius
765 4124 851 4188 certe
871 4118 947 4186 locis
969 4121 1055 4185 mota
1076 4121 1167 4196 sunt;
1196 4114 1352 4185 artificum
1379 4123 1485 4185 anmm
1511 4117 1609 4184 inter·

389 4291 592 4302 o—————

456 4395 467 4435 1
482 4412 505 4449 r.
523 4411 548 4462 p.
560 4394 609 4456 45,
627 4391 672 4445 ubi
689 4391 878 4458 adnotavimus,
902 4391 1010 4444 ethnicis
1028 4393 1137 4444 Graecos
1154 4390 1263 4443 artifices
1279 4391 1377 4442 Romae
1394 4389 1454 4444 artis
1477 4405 1607 4443 commen·

389 4479 489 4532 &nolae
506 4495 583 4532 musa
600 4495 661 4531 noos
679 4494 748 4540 essm
773 4478 838 4531 adde
862 4479 931 4545 quod
949 4477 1056 4529 Romani
1077 4477 1184 4528 artifices
1207 4491 1263 4528 curn
1286 4477 1413 4528 rarlmime
1436 4483 1491 4529 turn
1515 4477 1608 4530 statuis

387 4565 526 4619 honorariis
548 4580 679 4634 nunquam
702 4564 806 4617 nominc
826 4564 1024 4633 inscripserunt3
1052 4564 1185 4632 egregium
1208 4578 1272 4615 rano
1297 4561 1469 4615 testimonium
1496 4569 1521 4614 ct
1546 4560 1609 4615 illas

387 4659 484 4707 smtuu
502 4651 577 4720 qussi
593 4667 689 4704 merces
706 4657 787 4704 emtas
804 4658 831 4705 et
848 4652 962 4706 venditas
982 4665 1039 4703 esse
1056 4657 1081 4702 et
1104 4648 1265 4701 domesticam
1289 4655 1368 4701 artem
1390 4648 1458 4716 apud
1476 4647 1608 4701 Βοιιιιιιοι

387 4738 512 4792 humilem
530 4736 618 4802 nim,
635 4735 792 4806 peregrinam
809 4738 884 4790 unica
901 4753 958 4790 esre
976 4735 1143 4790 aestimatam.
1210 4727 1218 4746 '
