3586 5520
656 569 889 633 -167-

749 757 799 822 15.
1167 793 1170 800 ⁴

250 873 362 938 Zenob.
380 871 415 950 V,
439 871 480 935 82
504 871 652 952 (pardem.
675 887 720 950 gr.
744 868 792 934 ed.
816 865 985 933 Leutschl
1007 886 1036 949 p.
1055 867 1145 950 153):

245 978 426 1066 Ῥαμνουσία
443 981 588 1064 Νέμεσις·
609 980 642 1044 ἐν
652 977 825 1065 Ῥαμνοῦντι
841 978 1007 1064 Νεμέσεως
1021 978 1141 1065 ἵδρυται
1157 977 1279 1064 ἄγαλμα
1294 977 1382 1044 δεκά-

171 1115 263 1181 πηχυ,
292 1091 432 1157 δλάλιδον
455 1090 547 1179 ξογον
571 1090 709 1166 Φειδίου,
739 1088 802 1180 ἔχει
824 1090 859 1154 δέ
881 1089 914 1154 ἐν
938 1087 980 1178 ιη’
995 1091 1078 1180 χειρὶ
1104 1089 1224 1178 μηλέας
1252 1089 1383 1154 κλάδον·

168 1203 203 1276 ἐξ
227 1201 264 1267 οῦ
292 1226 385 1292 φησιν
408 1200 573 1288 Ἀντίγονος
600 1205 617 1266 δ
646 1203 819 1290 Καρύστιος
848 1201 970 1292 πτῦχιδν
998 1227 1024 1268 τι
1050 1204 1161 1290 μικρὸν
1190 1201 1383 1292 ἐξηρτῆσθαι

169 1316 221 1402 τὴν
242 1313 416 1404 ἐπιγραφὴν
438 1313 525 1404 ἔχον·
541 1311 821 1401 Ἀγοράκριτος
840 1309 992 1400 Πάριος
1013 1313 1203 1401 ἐποίησεν

249 1421 463 1512 Ἀγορακρίτου
484 1424 603 1512 Παρίου
625 1426 671 1492 ds.
687 1427 830 1492 thetzes
853 1427 942 1507 epist.
961 1428 1009 1500 11,
1032 1444 1125 1509 quam
1147 1445 1184 1492 ex
1199 1426 1267 1492 cod.
1284 1425 1381 1491 Paris,

166 1534 249 1600 2565
273 1535 371 1602 edidit
392 1535 582 1620 Bernhardy.
605 1537 636 1602 in
659 1535 775 1602 Suidae
796 1543 869 1603 tom.
886 1537 919 1602 11
940 1556 969 1601 v.
992 1534 1165 1622 Λυκόφρων
1187 1555 1217 1618 p.
1233 1537 1295 1601 642
1313 1555 1360 1618 sq.

250 1645 289 1713 cf.
313 1645 400 1712 Suid.
425 1653 458 1713 et
478 1647 568 1714 Phot.
591 1666 619 1713 v.
637 1644 817 1731 Ῥαμνουσία
842 1646 980 1733 Νέμεσις.

745 1855 793 1918 16.

249 1973 385 2040 Ραιιευο.
401 1973 443 2053 ΙΙ,
464 1975 515 2053 27,
538 1974 572 2040 2:
595 1973 772 2058 (Epidauri)

248 2087 303 2147 τοῦ
326 2081 362 2148 δὲ
372 2080 546 2172 Ἀσκληπιοῦ
569 2087 603 2148 τὸ
625 2084 748 2168 ἄγαλμα
764 2083 893 2168 μεγέθει
911 2086 969 2170 μὲν
984 2089 1037 2149 τοῦ
1048 2083 1209 2175 Ἀδήνησιν
1219 2081 1380 2171 ’θλυμιτίου

165 2193 234 2264 Διὸς
255 2195 348 2282 ἥμισυ
372 2195 492 2271 ἀποδεῖ,
516 2195 675 2284 πεποίηται
697 2195 733 2260 δὲ
750 2195 919 2282 ἐλέφαντος
933 2198 981 2260 καλ
989 2200 1126 2286 χρυσοῦ·
1146 2195 1255 2286 μηνῦει
1269 2197 1306 2262 δὲ
1320 2196 1379 2262 ἐπί-

165 2327 295 2392 γραμμα
310 2307 362 2370 τὸν
377 2305 579 2394 εἰργασμένον
595 2307 670 2372 είναι
694 2307 955 2399 θρασυμηδην
973 2307 1202 2396 Ἀριγνώτου
1224 2306 1378 2397 Πάριον.

744 2517 793 2580 ιι.

244 2623 391 2692 distiti.
415 2627 455 2692 ai
478 2627 514 2693 11.
538 2648 567 2710 p.
586 2627 677 2709 1353,
700 2629 736 2692 8:

238 2733 355 2825 Ἑρμῆς
383 2738 614 2825 τετροκέφαλος
641 2738 675 2802 έν
704 2735 910 2825 Κεραμεικῷ,
949 2736 1172 2827 Τελεσαργίδοο
1206 2735 1316 2824 ἔργον,
1350 2733 1380 2824 ᾦ

161 2845 382 2934 ἐπεγέγραπτο·

321 2955 417 3050 Ἑρμῆ
442 2965 662 3052 τετρακάρηνε,
686 2965 777 3028 καλδν
805 2960 1091 3051 Τελεσαρχίδου
1113 2957 1216 3048 ἔργον,

327 3095 542 3175 τάνδ’δράας.

243 3269 378 3372 Ιζοιιοου.
394 3269 447 3349 vl,
471 3269 500 3349 3,
526 3273 559 3334 1:
744 3186 794 3251 18⁹

244 3380 364 3469 Χαιρέᾳ
386 3382 422 3445 δὲ
441 3381 599 3468 Σικυωνίῳ
622 3383 717 3470 ιιῦκτη
741 3383 824 3446 παιδί
847 3382 1025 3470 ἐπίγραμμά
1046 3381 1138 3458 ἐστιν,
1163 3383 1209 3452 ὡς
1231 3383 1379 3470 νικήσειεν

158 3491 273 3580 ἡλικίαν
296 3491 365 3564 νέος
386 3494 434 3557 καί
455 3495 501 3564 ὡς
522 3493 641 3580 πατρός
662 3493 709 3583 εἴη
734 3497 939 3584 Χαιρήμονος.
965 3494 1136 3581 γέγραπται
1158 3492 1194 3558 δὲ
1216 3493 1264 3558 καί
1286 3494 1304 3555 δ
1327 3494 1379 3557 τὸν

159 3601 327 3691 ἀνδριάντα
350 3603 554 3690 είργασμένος
570 3602 780 3692 Ἀστερίων
804 3606 1001 3696 Αἰσχύλου.

743 3825 793 3890 19.

241 3932 375 3999 Ρυυεου.
392 3934 462 4014 vn,
486 3934 537 4015 23,
560 3937 593 3998 7:
617 3934 721 4018 (Aegii
743 3933 776 4000 in
798 3933 933 4002 Achaiae
956 3931 1083 4016 oppido)

246 4043 472 4129 ...ἀγάλματα
489 4042 617 4128 Ὑγιείας
637 4047 686 4109 καί
704 4041 888 4134 Ἀσκληπιοῦ·
911 4045 1050 4130 ἰαμβεῖον
1073 4044 1108 4107 δὲ
1130 4043 1178 4108 έπλ
1195 4041 1245 4129 τῷ
1257 4040 1377 4129 βάδρῳ

164 4155 215 4218 τὸν
241 4146 719 4244 Μεσσήνιονιίαμοφιῖιντα
742 4157 818 4222 ελναι
841 4155 1117 4252 τδνὶελργαομένον
1139 4154 1243 4243 φησίν.

741 4355 792 4420 20.

240 4437 374 4504 Pausan.
391 4439 415 4518 1,
439 4439 467 4520 2,
491 4441 526 4504 4:

241 4591 341 4602 --
365 4549 439 4623 ναός
461 4551 525 4616 ἐστι
540 4553 712 4644 Δήμητρος,
735 4553 897 4637 ἀγάλματα
920 4550 955 4615 δὲ
977 4550 1054 4639 αῦτη
1071 4572 1105 4615 τε
1126 4552 1174 4614 καὶ
1195 4551 1214 4638 η
1238 4551 1308 4619 παῖς
1327 4553 1376 4612 καὶ

157 4664 241 4752 δᾷδα
263 4663 343 4754 έχων
360 4661 489 4754 Ἴακχος·
517 4665 686 4750 γέγραπται
708 4663 744 4727 δὲ
766 4663 814 4729 ἐπὶ
843 4671 889 4751 τῷ
917 4662 1009 4752 τοίχῳ
1038 4663 1217 4750 γράμμασιν
1236 4655 1377 4730 Ἀττικοῖς

157 4771 233 4862 ἔργα
255 4775 331 4841 εἶναι
352 4775 635 4863 Πραξιτέλους.
