3608 5528
722 597 934 664 ...53-

217 775 404 855 artificibus,
432 779 487 860 qui
508 799 573 848 una
596 801 692 866 opera
714 784 931 866 perfecissent,
960 806 1069 870 parem
1091 789 1198 856 deberi
1224 787 1357 872 gradem
1385 787 1446 855 sibi

215 896 447 970 persuaserant.
1416 911 1418 918 '

302 1000 392 1080 Quod
414 1021 488 1073 vero
510 1010 559 1074 tot
582 1005 695 1074 Graeci
717 1007 853 1076 artifices
877 1029 940 1076 nna
961 1029 1058 1092 opera
1078 1009 1237 1090 fecerunt,
1265 1014 1444 1078 nostrorum

216 1126 393 1204 temporum
427 1135 547 1185 memor
579 1119 712 1187 forsitan
745 1119 885 1196 mireris;
919 1121 974 1187 sed
1004 1121 1180 1188 Pausaniae
1212 1123 1444 1202 meminerimus

214 1233 255 1312 V,
278 1233 318 1296 27
341 1233 359 1318 ᾗ
383 1233 420 1298 8:
444 1233 461 1294 ὁ
485 1232 594 1320 Ερμῆς
615 1233 632 1295 ὁ
656 1232 708 1295 τὸν
736 1233 819 1317 κριὸν
847 1231 956 1318 φέρων
972 1282 1080 1297 .....
1103 1232 1227 1298 ’θνάταν
1258 1233 1293 1298 δὲ
1322 1237 1374 1299 τὸν
1397 1235 1443 1298 Ar·
1478 1293 1483 1304 ,
1507 1313 1510 1318 Δ

215 1345 341 1433 γινὴτην
370 1343 426 1409 σὺν
453 1343 490 1408 δὲ
518 1342 606 1429 αὐτῷ
632 1343 816 1432 Καλλιτέλην
844 1343 1042 1431 ἐργάσασθαι
1072 1345 1154 1429 λέγει
1184 1347 1217 1410 τὸ
1248 1345 1442 1434 ἐπίγραμμα·

215 1455 318 1520 δοκεῖν
340 1454 378 1519 δέ
396 1480 450 1540 μοι
473 1459 526 1520 τοῦ
548 1455 679 1520 Ὀνάτα
698 1453 886 1546 μαθητὴς
912 1457 931 1546 ἡ
960 1461 1049 1529 παῖς
1070 1460 1087 1522 ὁ
1111 1457 1357 1546 Καλλιτέλης
1385 1457 1441 1548 ἦν,

215 1568 300 1650 qnod
322 1567 409 1634 illum
432 1568 504 1634 ideo
532 1567 691 1635 addidisse
711 1573 806 1652 puto,
835 1570 918 1652 quod
944 1571 1146 1655 pierumque,
1174 1570 1228 1655 qui
1256 1589 1319 1637 nna
1346 1589 1443 1654 opera

213 1680 365 1762 iecerunt,
390 1680 570 1748 arctissimo
592 1679 728 1747 familiae
750 1687 806 1747 eut
828 1681 1010 1765 disciplinae
1032 1682 1074 1766 (r.
1091 1700 1121 1763 p.
1134 1682 1189 1767 41)
1209 1682 1332 1749 vinculo
1352 1686 1442 1749 erant

213 1793 381 1876 conjuncti.
418 1793 487 1860 Hoc
514 1797 620 1860 autem
643 1793 801 1878 exemplis,
823 1813 904 1876 quae
926 1796 1156 1879 proposuimus
1179 1795 1259 1862 bene
1281 1792 1439 1860 firmatur:

215 1906 359 1972 undecim
382 1911 488 1989 patres
511 1923 582 1973 cum
603 1905 675 1972 filiis
697 1908 898 1975 inveniuntur
927 1907 976 1991 (1:
1005 1908 1035 1971 4.
1060 1907 1111 1972 27.
1135 1907 1185 1971 29.
1210 1907 1267 1987 31;
1298 1907 1332 1970 2:
1357 1907 1385 1970 6.
1410 1907 1439 1970 7.

213 2019 246 2082 9.
262 2017 320 2090 Ι12.
346 2016 395 2082 13.
420 2019 469 2082 17.
493 2017 558 2102 21.)
566 2066 575 2099 ,
604 2055 645 2066 -
674 2018 757 2099 quod
779 2023 979 2101 compatres
1002 2018 1170 2100 inscriptos
1193 2018 1266 2084 inde
1287 2016 1439 2098 originem

215 2129 342 2196 duxisse
372 2129 541 2195 viderimus
571 2130 614 2212 (p.
637 2128 710 2211 42),
740 2129 839 2196 multo
869 2131 995 2212 saepius
1024 2130 1165 2196 evenisse
1195 2133 1439 2196 consentaneum

213 2245 279 2316 est3
294 2277 336 2288 —
350 2241 529 2325 quindecim
544 2239 676 2307 11111111
692 2243 781 2324 paria
795 2247 870 2308 sunt
885 2241 932 2325 (1:
951 2244 978 2305 1.
1004 2241 1033 2304 2.
1056 2241 1085 2305 5.
1110 2241 1139 2305 7.
1163 2239 1213 2304 20.
1237 2240 1288 2302 26.
1312 2238 1362 2303 28.
1386 2239 1437 2304 30.

213 2352 266 2417 32.
295 2352 330 2419 2:
362 2354 390 2417 1.
414 2351 443 2416 5.
467 2353 496 2416 8.
520 2351 570 2417 22.
594 2351 646 2417 25.
671 2352 725 2435 29)
755 2389 797 2400 -
825 2357 858 2419 et
879 2351 919 2417 de
941 2351 1092 2418 tratribus
1108 2349 1286 2418 'Pausanias
1307 2351 1328 2416 1.
1352 2349 1372 2416 1.
1401 2369 1439 2416 ex

216 2464 312 2531 certis
333 2463 522 2548 quibusdam
545 2464 648 2531 causis
670 2482 732 2530 non
755 2463 910 2547 cogitasse
931 2463 1073 2544 videtur;
1096 2498 1137 2512 -
1160 2462 1209 2529 bis
1224 2461 1438 2545 duodeviginti

212 2574 366 2658 artifices,
396 2593 530 2659 quorum
551 2576 847 2658 deupropinquitate
869 2575 947 2640 nihil
978 2578 1118 2650 constat,
1147 2579 1231 2642 certe
1260 2592 1298 2640 er
1327 2574 1437 2641 eadem

211 2689 293 2756 urbe
314 2688 413 2755 exorti
436 2693 510 2760 sunt
538 2687 586 2772 (1:
610 2688 639 2753 3.
664 2687 713 2752 12.
738 2688 787 2752 14.
812 2687 861 2754 15.
886 2689 935 2752 19.
961 2686 1011 2750 22.
1035 2686 1086 2750 23.
1109 2686 1161 2749 24.
1184 2685 1235 2752 25.
1265 2686 1302 2766 2,
1332 2686 1361 2750 2.
1387 2685 1435 2749 14.

214 2801 265 2865 16.
290 2801 338 2865 19.
363 2799 413 2864 20.
437 2799 487 2864 23.
511 2799 561 2864 24.
586 2799 666 2882 21.);
695 2800 744 2867 bis
765 2801 908 2884 quinque
929 2803 1070 2880 tantum,
1091 2798 1146 2882 qui
1167 2797 1252 2864 haud
1274 2796 1368 2864 dubie
1389 2797 1436 2863 in·

210 2911 327 2979 feriore
348 2916 453 2978 aetate
475 2910 617 2987 inerunt,
645 2911 777 2977 diversis
798 2897 951 2992 patribus
964 2915 1055 2976 natos
1078 2927 1148 2977 esse
1170 2908 1271 2976 titulis
1294 2907 1435 2990 docetur,

211 3024 264 3110 (2:
289 3025 404 3091 1116.
426 3023 476 3088 24.
499 3024 549 3088 26.
566 3023 621 3108 28)
643 3042 681 3089 ex
704 3023 818 3105 quibus
839 3023 888 3091 bis
912 3023 973 3089 duo
996 3025 1118 3088 tantum
1136 3021 1200 3108 (26.
1217 3019 1272 3104 28)
1295 3018 1434 3087 cirenas

209 3137 331 3222 patrias
353 3137 500 3204 habuisse
522 3137 677 3203 ridentur.

298 3247 391 3314 Haud
413 3265 506 3332 saepe
528 3253 633 3315 autem
654 3248 725 3332 plus
748 3248 810 3314 dno
833 3246 990 3332 conjuncti
1011 3245 1283 3348 1111111111111ι
1307 3245 1357 3310 27.
1381 3244 1431 3308 29.

210 3361 249 3425 2:
273 3359 337 3442 22).

297 3472 439 3555 Denique
461 3475 509 3537 καὶ
523 3472 672 3539 omissum
695 3473 744 3557 (2:
768 3472 796 3536 3.
821 3471 850 3536 5.
875 3471 903 3534 6.
928 3472 957 3536 7.
981 3470 1010 3535 8.
1035 3470 1098 3555 10.)
1122 3474 1154 3537 et
1182 3470 1270 3538 verbi
1298 3467 1432 3537 faciendi

210 3583 314 3650 dualis
337 3583 522 3674 ἐποιησάτην
544 3585 592 3669 (2:
616 3585 645 3647 2.
669 3583 712 3668 3.)
735 3583 920 3668 antiquioris
942 3583 1055 3649 aetatis
1078 3601 1148 3649 esse
1171 3582 1325 3682 ridentur.

210 3757 322 3812 Panna.
340 3758 365 3820 1.
383 3757 431 3821 28,
454 3758 470 3812 9
497 3785 529 3796 -
558 3753 1090 3825 syll.10),torturestimuimumur
1113 3753 1275 3822 Cephisodoti
1298 3758 1374 3808 trater
1399 3753 1431 3810 cf.

208 3841 408 3908 Pliamvl,
427 3843 467 3898 21.
