3608 5528
866 572 1080 637 420-

362 762 535 852 ἐποίησενῑ,
559 761 670 828 deinde
692 761 792 847 patris
815 780 925 829 nomen
946 765 1001 828 aut
1015 761 1136 846 patriae
1151 763 1208 827 aut
1221 759 1299 827 haec
1316 760 1378 826 duo
1394 759 1583 844 adjecerunt,

361 880 428 942 tum
451 875 568 942 aoristo
591 875 641 941 usi
663 879 738 941 sunt
759 880 815 941 aut
837 873 1018 957 imperfecto
1038 873 1124 942 verbi
1141 874 1247 950 ποιεῖν,
1272 873 1405 957 deniqne
1419 873 1584 941 verborum

362 987 471 1054 ordine
494 986 650 1054 differunt.
689 986 885 1071 Quamquam
908 986 989 1053 enirn
1012 985 1195 1071 plerumque
1217 983 1294 1052 ordo
1315 985 1367 1052 hic
1389 989 1446 1068 est,
1460 989 1506 1050 ut
1522 983 1584 1066 pri-

361 1118 445 1165 mum
470 1099 571 1167 locum
593 1102 700 1166 teneat
721 1096 849 1164 artificis
871 1116 992 1176 nomen,
1015 1096 1147 1164 altemm
1170 1097 1279 1181 patris,
1306 1097 1432 1164 tertium
1454 1097 1583 1181 patriae,

359 1212 503 1280 ultimum
533 1213 679 1296 verbum,
713 1217 788 1278 sunt
816 1215 922 1278 tamen
951 1212 1188 1296 inscriptiones,
1220 1210 1252 1276 in
1281 1209 1394 1294 quibus
1426 1207 1583 1275 ethnicum

359 1325 501 1391 ultimum
524 1330 656 1407 occupat
675 1324 787 1392 locum.
823 1323 993 1391 verissime
1015 1328 1119 1389 autern
1138 1324 1204 1407 jam
1222 1321 1397 1389 Boeckhius
1417 1321 1458 1387 ad
1473 1320 1507 1387 C.
1526 1320 1583 1385 1.1

295 1463 296 1468 ¹
358 1457 388 1502 n.
413 1439 453 1503 25
482 1436 563 1522 (syll.
593 1457 623 1504 n.
648 1437 702 1521 24)
731 1435 866 1518 monuit,
889 1435 1142 1520 antiquissimum
1165 1453 1234 1502 esse
1256 1453 1374 1502 morem
1395 1439 1433 1501 ut
1453 1432 1582 1500 verbum

344 1548 485 1639 ’ἐποίησε
513 1550 685 1633 excipiatur
715 1548 854 1632 ethnico,
884 1547 967 1632 quod
991 1547 1070 1614 Lud.
1092 1546 1282 1631 Stephanius
1313 1544 1581 1630 (compte-reuda

360 1663 439 1728 1861
465 1683 494 1746 p.
519 1662 580 1727 148
610 1663 670 1747 sq.)
693 1662 781 1730 novis
809 1661 957 1745 exemplis
985 1662 1073 1727 auxit
1100 1665 1133 1727 et
1159 1659 1346 1741 illustravit,
1374 1658 1428 1739 qui
1455 1658 1503 1724 vir
1528 1657 1582 1724 do·

358 1775 513 1841 ctissimus
536 1775 661 1842 modurn
684 1773 868 1856 migravisse
890 1771 1023 1855 videtur,
1046 1790 1116 1838 cum
1139 1757 1239 1854 usqae
1261 1770 1301 1836 ad
1318 1789 1367 1836 nn.
1384 1769 1490 1835 3501.
1507 1767 1579 1834 Chr.

270 1885 273 1893 “
357 1905 387 1951 n.
411 1885 498 1953 illum
521 1906 612 1954 usum
634 1885 806 1954 obtinuisse
829 1891 980 1954 censeret.
1019 1885 1134 1969 Accipe
1155 1884 1206 1951 hic
1227 1902 1310 1965 quae
1329 1881 1482 1948 artificum
1499 1880 1582 1947 tituli

356 1999 510 2082 praebent
532 1991 686 2082 exempla:

838 2086 994 2175 lippot'iac
1038 2085 1102 2150 16a

836 2197 964 2286 Πύρρος
1035 2198 1076 2261 18

834 2308 1005 2398 Δωρόθεος
1034 2308 1084 2376 20.

705 2418 927 2509 Ὑπατόδωρος
943 2420 1153 2509 Ἀριστογίτινν
1176 2421 1227 2484 24.

354 2533 471 2600 seriore
493 2537 598 2599 autem
622 2537 763 2616 tempore
785 2533 836 2600 ille
857 2552 934 2601 usus
956 2533 1069 2600 revixit
1088 2553 1118 2600 n.
1133 2533 1194 2598 145
1207 2529 1372 2622 Ἀρχέλαος
1381 2527 1582 2595 Ἀπολλωνίου

355 2643 481 2735 ἐποίησε
504 2644 670 2733 lipparim
693 2665 775 2729 quae
797 2646 973 2713 remotioris
995 2645 1193 2729 antiquitatis
1223 2643 1361 2727 captatio
1390 2663 1485 2727 quam
1514 2643 1581 2710 late

353 2757 503 2838 patuerit,
532 2757 592 2825 hae
614 2757 832 2838 inscriptione,
861 2775 943 2839 quae
966 2763 1014 2825 est
1035 2759 1067 2824 in
1090 2757 1173 2824 vasis
1194 2757 1285 2823 vitrei
1307 2774 1386 2822 ansa
1411 2756 1441 2820 in
1469 2772 1581 2822 museo

353 2868 555 2948 Berolinensi,
579 2867 711 2935 docetur

801 2986 1112 3067 ΘΙΡΗΝΑΙΟΕ

802 3102 1113 3181 ΕΠΟΙΗΟΕΝ

802 3217 1129 3328 οΙΔωΝΥΙΟα

352 3337 436 3422 quod
470 3355 538 3406 eam
576 3336 616 3403 ob
654 3354 778 3403 oausam
816 3336 1073 3418 memoravimus,
1111 3336 1186 3420 quia
1223 3336 1317 3404 etiam
1353 3337 1448 3404 alium
1485 3356 1579 3404 usum

349 3451 523 3533 posteriore
554 3453 659 3516 aetate
687 3448 973 3532 frequentissimum
1004 3448 1121 3515 iactum
1155 3467 1225 3516 esse
1257 3448 1447 3525 videbimus;
1481 3455 1579 3532 atque

229 3559 234 3569 '
350 3561 557 3645 hocquidem
580 3563 658 3629 satis
682 3563 936 3630 memorabilem
958 3564 1074 3632 talibus
1101 3563 1299 3647 archaismis,
1327 3569 1363 3631 ut
1390 3565 1437 3631 ita
1465 3565 1577 3647 dicam,

349 3673 404 3757 qui
425 3674 503 3740 alias
525 3673 650 3757 quidem
674 3674 751 3741 satis
773 3675 836 3742 rari
859 3680 1067 3757 usurpantur,
1094 3696 1157 3742 non
1179 3695 1253 3745 vero
1279 3676 1370 3762 quusi
1397 3694 1575 3744 communes

350 3802 426 3852 usus
448 3784 536 3854 fiunt.
561 3823 601 3836 -
624 3785 695 3854 Alia
716 3791 823 3854 autem
847 3788 988 3872 exempla
1008 3788 1080 3855 vide
1099 3790 1185 3873 apud
1206 3789 1412 3875 Stephanium
1432 3790 1452 3855 l.
1468 3789 1500 3872 l.,
1521 3789 1577 3872 qui

349 3896 543 3965 Boeckhium
565 3903 692 3965 secutus
713 3905 800 3966 recte
822 3897 957 3966 fortasse
978 3901 1110 3982 censuit,
1133 3901 1217 3983 quod
1232 3901 1406 3968 Pausanias
1428 3901 1507 3968 dixit
1520 3900 1577 3982 VI,

349 4010 385 4092 9,
408 4011 443 4074 1:
465 4007 614 4100 Πτόλιχος
641 4009 786 4099 ἐποίησεν
815 4012 972 4099 Αἰγινήτης
999 4031 1036 4078 ex
1065 4011 1267 4096 inscriptione
1296 4009 1438 4090 fluxisse,
1467 4029 1577 4093 quam-

348 4139 442 4205 quam
458 4121 511 4204 Vl,
536 4122 585 4204 10,
607 4124 627 4187 9
649 4121 797 4213 Πτόλιχος
820 4123 978 4212 Λῖγινητης
999 4121 1155 4212 ἐποίησεν.
1201 4123 1263 4190 Sed
1284 4123 1368 4210 quod
1385 4123 1576 4208 stephanius

349 4234 435 4299 illam
458 4233 581 4300 dicendi
602 4235 755 4301 rationem
770 4254 790 4301 a
804 4233 979 4301 Pausaniae
994 4253 1137 4301 sermone
1152 4235 1322 4303 abhorrere
1338 4235 1438 4303 voluit
1453 4241 1576 4302 tanturn

347 4344 438 4412 abest
460 4352 497 4410 ut
517 4361 626 4412 verum
648 4346 705 4428 sit,
733 4351 770 4411 ut
791 4346 982 4412 eontrarium
1005 4347 1107 4427 possit
1129 4346 1255 4430 probari
1283 4347 1345 4431 (ΙΙ,
1367 4347 1403 4431 3,
1426 4348 1455 4411 5.
1484 4347 1521 4428 9,
1543 4347 1574 4410 8.

414 4551 556 4605 1111111111
574 4568 631 4606 enm
649 4569 726 4622 opera
743 4553 776 4605 ab
793 4552 857 4621 ipsis
877 4552 986 4621 perfecta
1010 4553 1057 4605 diis
1082 4553 1238 4616 dedicarent,
1263 4552 1319 4606 aoio
1342 4553 1418 4606 verbo
1441 4553 1574 4607 dedicandi

346 4641 387 4691 uei
403 4657 460 4692 esse
478 4640 592 4691 videntur
609 4641 643 4708 (n.
657 4636 706 4696 35a
724 4639 754 4694 ci.
772 4639 801 4690 B.
816 4639 857 4706 6);
876 4657 925 4707 qua
943 4657 969 4691 ra
982 4639 1131 4692 Panaenianr
1149 4639 1170 4702 1,
1188 4641 1231 4702 24,
1250 4641 1281 4694 3:
1301 4634 1424 4710 Πρόκνην
1444 4639 1473 4691 δὲ
1491 4639 1525 4691 τὰ
1543 4638 1574 4700 ἐς

346 4724 392 4776 τὸν
411 4725 493 4777 παῖδα
509 4723 730 4794 βεβουλευμένην
749 4724 833 4795 αὐτήν
853 4741 883 4777 τε
902 4723 945 4777 καὶ
963 4721 1009 4776 raia
1026 4721 1096 4778 Ἴτυν
1120 4724 1252 4793 ἀνέθηκεν
1274 4722 1431 4796 Ἀλκαμένης
1453 4725 1573 4780 artificem

345 4812 506 4866 Alcamenen
523 4811 682 4882 significares
699 4813 808 4870 eadam.
