3608 5528
771 575 964 641 ,3-

260 786 342 836 nunc
363 769 397 835 in
418 767 573 853 lapidibus
595 767 761 851 leguntur,
790 765 880 832 nobis
903 765 1108 832 consulendas
1131 783 1216 841 esse,
1245 765 1300 831 scd
1330 765 1424 832 etiam
1452 766 1479 830 si

260 897 339 963 quas
358 878 439 948 iortc
461 884 584 948 veteres
607 880 777 962 scriptores
799 877 888 945 nobis
911 876 1123 944 tradidissent.
1161 877 1265 960 fitque
1287 895 1325 944 er
1346 876 1394 942 his
1413 876 1481 958 qui·

260 991 331 1060 dem
352 992 520 1076 praecipue
542 991 575 1058 in
597 994 737 1058 nostram
758 1007 825 1056 rem
848 988 964 1056 cadunt
985 989 1173 1071 Pausanias,
1195 987 1329 1071 Plinius,
1357 993 1478 1072 poetae,

261 1119 394 1184 quorum
417 1103 647 1187 epigrammata
666 1099 798 1169 artificia
812 1099 981 1179 celebrant,
1003 1100 1042 1168 de
1057 1101 1170 1183 quibus
1185 1121 1267 1169 nunc
1281 1118 1478 1184 exponemus.

345 1215 585 1298 Peropportune
606 1219 711 1283 autam
733 1213 900 1298 contingit,
923 1212 1005 1294 qnod
1029 1213 1067 1279 de
1089 1213 1345 1297 anthologiae
1365 1230 1480 1296 grae-

261 1345 331 1394 cae
353 1326 587 1410 epigrammatis
602 1325 639 1391 0.
654 1322 863 1393 Benndorfius
886 1330 1064 1392 accuratam
1081 1325 1295 1409 quaestionem
1316 1325 1479 1401 instituit¹‚

261 1438 315 1521 qui
336 1455 407 1504 cum
429 1438 603 1504 vetustiora
625 1438 851 1520 epigrammata
871 1435 909 1503 ad
926 1454 1023 1504 unum
1039 1435 1143 1503 omnia
1157 1454 1249 1504 veras
1263 1436 1480 1520 inscriptiones

262 1548 358 1617 luisse
372 1549 596 1629 constituisset,
612 1548 859 1616 demonstrativa
875 1547 1085 1632 (ἐπιδεικτικοῦ
1101 1547 1155 1614 illa
1170 1549 1396 1632 epigrammata
1409 1554 1482 1632 post

262 1659 430 1728 Alexandri
452 1662 561 1745 Magni
581 1665 719 1729 aetatem
739 1659 883 1728 lectitata
904 1679 990 1726 mere
1011 1661 1129 1728 lusoria
1147 1679 1217 1729 esse
1232 1661 1386 1744 probarit.
1422 1661 1481 1727 His

262 1772 359 1856 igitur
381 1772 513 1856 omissis,
536 1791 617 1858 quae
638 1790 739 1856 neque
761 1773 801 1840 ab
823 1770 995 1840 artificibus
1010 1773 1086 1856 ipsis
1101 1772 1242 1855 prolecta
1256 1792 1358 1857 neque
1373 1790 1481 1840 eorum

262 1885 296 1951 in
323 1903 415 1952 usum
444 1885 616 1969 composita
643 1888 734 1967 sunt,
760 1902 862 1968 pauca
890 1890 1013 1952 tantum
1040 1886 1073 1950 in
1101 1889 1241 1952 nostram
1269 1884 1481 1952 collectionem

263 1997 437 2079 recepimus
460 1997 532 2080 (scr.
557 1997 587 2078 6,
611 1997 660 2078 13,
684 1998 733 2075 14,
757 1997 808 2078 25,
830 1996 895 2078 26.)
924 1998 1048 2064 omnino
1070 1996 1250 2066 Benndorfii
1273 1996 1390 2064 addicti
1413 2014 1481 2063 sen·

264 2108 392 2189 tentiae,
416 2109 476 2175 nisi
495 2108 579 2190 quod
596 2109 635 2175 de
649 2107 774 2174 illorum
790 2109 1105 2176 demonstrativorum
1118 2110 1290 2178 carminum
1305 2128 1365 2176 usu
1380 2127 1481 2192 pauca

264 2221 418 2304 quaedam
439 2239 497 2287 nos
519 2220 631 2288 afferre
652 2239 744 2305 posse
766 2223 920 2290 credimus
943 2223 985 2308 (p.
1003 2223 1066 2308 19).
1225 2211 1227 2216 ’

353 2332 520 2399 Plinium
543 2351 617 2400 vero
639 2335 670 2400 in
693 2339 757 2400 nat.
780 2335 853 2401 hist.
876 2335 965 2402 libris
980 2335 1303 2415 XXXIII-XXXVI,
1326 2341 1480 2418 quatenus

264 2445 306 2511 ad
327 2443 481 2512 artificum
502 2445 665 2514 historiam
693 2448 867 2529 pertinent,
897 2467 959 2514 non
986 2452 1049 2513 tam
1079 2467 1118 2515 cx
1146 2448 1398 2530 inscriptionibus
1428 2446 1479 2532 (cs.

264 2576 324 2623 scr.
348 2557 403 2640 27)
431 2576 525 2642 quam
548 2576 585 2624 ex
606 2556 694 2624 libris
716 2560 756 2624 de
778 2563 846 2624 arte
868 2559 992 2642 scriptis
1013 2557 1156 2625 hausisse
1178 2559 1255 2625 satis
1282 2557 1480 2626 manifestum

265 2669 347 2749 cst²;
375 2681 564 2752 quamquem
583 2675 724 2736 veterum
746 2670 799 2752 qui
826 2668 865 2736 de
892 2675 961 2736 arte
987 2670 1181 2752 scripserunt
1209 2675 1372 2737 auctorum
1401 2671 1480 2736 ratio

265 2780 442 2848 accuratius
453 2779 682 2864 investiganda
703 2781 806 2848 adbuc
828 2780 1033 2848 desideratur.

350 2893 422 2959 Jarn
443 2891 584 2959 venimus
606 2891 647 2957 ad
667 2892 910 2959 Pausaniam
931 2895 1133 2979 periegetam,
1156 2911 1250 2976 quem
1269 2893 1385 2960 diserte
1407 2893 1482 2959 arti·

265 3002 357 3072 ficum
377 3003 595 3086 inscriptiones
610 3003 771 3070 rarissime
786 3004 898 3071 afferre
911 3006 943 3071 in
959 3011 1049 3072 tanta
1063 3004 1217 3073 artificum
1233 3012 1266 3072 ct
1280 3003 1481 3072 artificiorum

266 3116 368 3197 copia,
390 3133 460 3182 cum
484 3133 521 3181 eu
543 3113 725 3182 collectione
746 3122 854 3182 nostra
875 3118 976 3200 primo
997 3118 1110 3185 obtutu
1133 3118 1250 3186 clarum
1271 3115 1328 3184 fiat
1355 3118 1427 3201 (scr.
1451 3117 1480 3199 2,

266 3227 297 3307 3,
319 3229 349 3302 4,
371 3227 401 3303 5,
424 3228 453 3303 7,
476 3227 523 3306 7⁸,
547 3225 595 3302 7¹²,
618 3227 664 3307 7⁰,
688 3227 718 3307 9,
742 3227 791 3308 10,
815 3228 865 3304 12,
889 3229 939 3310 16,
965 3231 1014 3309 18,
1039 3231 1089 3309 19,
1111 3229 1176 3312 20),
1198 3247 1279 3296 nunc
1294 3229 1481 3312 quaerimus,

265 3357 341 3405 num
364 3336 445 3404 icrte
467 3337 553 3402 illum
575 3336 731 3412 artificum
753 3339 1006 3421 inscriptionibus
1028 3341 1154 3424 saepius
1175 3359 1267 3406 usum
1293 3359 1362 3407 esse
1388 3340 1481 3407 certis

265 3451 387 3517 indiciis
409 3450 536 3534 probari
559 3452 667 3531 possit
712 3451 781 3518 Huc
803 3453 937 3533 accedit,
966 3453 1050 3534 quod
1072 3471 1179 3520 omnes
1201 3452 1247 3518 illi
1273 3452 1372 3528 tituli,
1403 3469 1482 3534 quos

265 3561 440 3630 Pausanias
462 3561 597 3627 tradidit
617 3561 723 3645 paullo
739 3563 1001 3631 memorabiliores
1017 3570 1099 3644 sunt,
1122 3563 1285 3630 duodecim
1301 3563 1382 3629 enirn
1397 3567 1483 3628 certe

265 3674 388 3757 poetico
410 3690 552 3740 sermone
574 3675 736 3758 compositi
759 3680 842 3754 sunt,
865 3676 978 3759 quibus
999 3675 1133 3742 fortasse
1155 3675 1250 3742 etiem
1273 3675 1292 3737 2
1315 3677 1347 3740 ct
1367 3673 1387 3737 8
1409 3671 1484 3738 addi

266 3791 414 3869 possunt,
442 3784 607 3852 Prmitclis
629 3791 734 3853 autem
756 3787 917 3871 inscriptio
940 3787 1008 3872 (20)
1038 3787 1152 3854 litteris
1180 3783 1408 3867 antiquioribus
1436 3783 1484 3848 in·

267 3897 364 3979 siguis
386 3901 463 3964 erat.
508 3896 595 3976 Quae
617 3916 687 3964 curn
706 3898 751 3964 itu
774 3899 851 3976 sint,
880 3899 944 3965 veri
965 3898 1051 3964 haud
1072 3897 1214 3964 absimile
1236 3897 1376 3976 videtur,
1403 3894 1485 3960 Pau-

267 4008 386 4073 saniam
407 4007 624 4090 inscriptiones
645 4008 748 4075 minus
769 4010 935 4078 inusitatas
955 4009 994 4076 de
1022 4008 1165 4077 consulto
1196 4026 1258 4074 non
1286 4006 1326 4074 ad
1354 4005 1484 4074 verbum

267 4118 425 4193 attidisser
447 4117 504 4186 sed
524 4118 605 4186 hanc
625 4137 692 4187 rem
714 4120 837 4203 longius
858 4125 1001 4204 repetere
1019 4121 1150 4205 jurabit

352 4230 483 4297 Praeter
504 4227 573 4296 illas
594 4231 692 4313 igitur
713 4232 930 4316 inscriptiones
944 4231 1023 4300 alios
1038 4249 1166 4316 operum
1181 4237 1326 4298 auctores
1340 4247 1375 4297 se
1389 4227 1485 4294 lando

335 4455 392 4509 ¹de
410 4452 570 4522 morologus
591 4453 700 4506 Graecae
718 4454 917 4524 epigrammatis,
943 4471 1007 4522 quaa
1025 4454 1058 4506 ad
1078 4459 1143 4506 artas
1161 4459 1292 4522 spectant,
1316 4453 1378 4505 dira.
1400 4451 1486 4520 inanp

268 4537 538 4694 Mngnssffiem
556 4624 588 4677 dc
606 4625 692 4677 iontib.
711 4626 782 4680 librr.
793 4625 1050 4679 xxm-xxm
1067 4633 1115 4680 nst.
1134 4625 1342 4686 ubertissima,
1361 4631 1485 4692 quatenus

268 4711 301 4763 nd
319 4719 397 4764 ntem
415 4710 546 4780 plasticam
565 4710 691 4778 pertinent
707 4713 805 4765 diasart
824 4713 908 4780 maog.
927 4712 1055 4780 Gryphiaa
1074 4713 1148 4768 1857.
1173 4739 1202 4750 -
1225 4710 1258 4764 Η.
1277 4707 1372 4764 Brenn.
1391 4708 1422 4760 dc
1439 4726 1486 4761 an·

269 4809 365 4854 aarum
382 4799 501 4852 indicibb.
520 4797 642 4850 Plininnis
665 4797 755 4864 (Banu.
775 4797 852 4863 1856)
869 4814 895 4865 p.
908 4799 942 4854 40
959 4815 1014 4864 sqq.
1253 4881 1285 4938 μ
