3608 5528
872 513 1086 578 „33-

894 699 1051 785 magistri:
1185 703 1308 784 patres:

364 805 414 870 32.
438 802 625 892 Περίκλυτος
790 802 993 874 Πολύκλειτος
1016 801 1149 889 Ἀργεῖος
1177 821 1217 864 rer
1232 811 1314 864 unctu
1334 803 1430 871 Paus.
1441 801 1478 876 V,
1495 801 1545 876 17,
1561 800 1593 864 4.

365 917 409 1002 (*)
418 917 469 982 33.
492 915 664 1044 Xauuedes
791 912 931 982 Silanion
1223 951 1266 961 -
1334 913 1414 1090 Ρὲὶῖ.
1449 911 1596 992 XXXIV,

365 1139 417 1204 34.
439 1139 556 1208 Phanis
791 1138 947 1224 Lysippus
1223 1178 1266 1188 -
1335 1137 1414 1203 Plio.
1448 1137 1595 1218 XXXIV,

1358 1248 1408 1313 66.

793 1360 1002 1446 Euthycrates
1226 1400 1265 1412 -
1335 1359 1414 1427 Plin.
1449 1359 1595 1441 XXXIV,

793 1471 976 1557 (Lysippus)
1358 1473 1409 1536 67.
1533 1549 1536 1554 ,

792 1582 960 1651 'fisicrates
973 1582 1149 1666 reIEuthy-
1226 1625 1267 1636 —
1336 1584 1416 1650 Piin.
1452 1583 1599 1665 XXXIV,

837 1701 914 1763 crat
1360 1695 1410 1760 83.

368 1417 470 1503 (⁴)35.
493 1417 662 1486 'lisicrutes

368 1640 418 1705 36.
442 1639 635 1708 Xenocrates

368 1810 444 1877 *37.
470 1809 640 1902 Ευτυχλὸης
660 1808 776 1875 Errori-

413 1946 457 1988 ΙΠΟ

369 1947 477 2102 ·’λ38.ς
490 2033 609 2104 Chares
795 2031 951 2118 Lysippus
1228 2072 1270 2085 -
1339 2032 1419 2100 Piin.
1453 2031 1601 2112 XXXIV,

1362 2145 1414 2210 41.

795 1857 953 1931 Λύσιππος
1227 1899 1269 1912 —-
1339 1860 1433 1928 Pacis.
1445 1859 1501 1942 Vi,
1519 1859 1551 1940 2,
1566 1859 1598 1922 7.

830 2308 838 2335 ,
900 2309 908 2334 ,
1189 2259 1307 2346 πατρὸς

351 2419 354 2427 .
372 2364 422 2429 39.
437 2359 603 2450 Κάνθαρος
612 2361 780 2435 Σικυώνιος
797 2308 965 2444 Ευωζιδου
993 2309 1038 2374 ὢν
1070 2307 1154 2374 διδῶ
1172 2367 1321 2444 Ἀλέξιδος
1341 2370 1435 2438 Paus.
1447 2369 1502 2452 VI,
1522 2369 1552 2445 3,
1568 2371 1599 2433 6.

839 2422 954 2486 οιολου
1171 2502 1192 2550 v
1223 2502 1244 2567 p
1275 2481 1315 2547 35

372 2595 423 2662 40.
446 2594 605 2685 Πολυκλῆς
796 2593 947 2666 Στοδιεὺς
968 2591 1130 2683 Ἀθηναῖος
1183 2614 1223 2658 cer
1240 2604 1322 2658 uniat
1340 2594 1433 2662 Pacis.
1446 2593 1501 2676 Vl,
1523 2594 1553 2674 4,
1568 2592 1600 2658 5.

461 2709 567 2790 Atque
589 2709 644 2794 qui
664 2709 768 2792 primo
783 2709 897 2778 obtutu
910 2709 950 2776 ab
966 2708 1110 2776 omnibus
1125 2706 1255 2792 reliquis
1271 2707 1501 2775 diversissimus
1516 2704 1601 2772 vide-

374 2825 428 2889 tur
449 2818 631 2892 cantharus
653 2823 739 2908 (69),
768 2823 906 2891 omniurn
927 2827 1033 2891 temen
1055 2821 1171 2907 optime
1192 2839 1258 2888 reru
1287 2824 1428 2888 nostram
1455 2817 1601 2902 adjurat:

373 2938 423 3002 est
444 2933 527 3002 enim
549 2935 724 3002 statuarius
746 2935 852 3003 Alexis
876 2935 920 3019 (p.
937 2934 977 3000 35
1000 2933 1079 3002 Piin.
1095 2933 1240 3010 XXXIV,
1263 2932 1337 3017 50),
1358 2936 1391 2998 et
1413 2930 1602 3013 nescioquo

375 3063 452 3116 casu
474 3044 653 3114 cuuams
675 3064 738 3115 non
760 3047 861 3131 patris
884 3047 940 3115 sed
962 3045 1147 3129 Eutychidis
1169 3045 1340 3130 discipulus
1361 3044 1464 3112 fectus
1485 3047 1543 3112 est

460 3155 630 3226 Veteres
662 3158 797 3243 igitur
830 3177 898 3228 eos
932 3163 1087 3227 tanturn
1121 3156 1331 3226 artificum
1364 3159 1509 3242 patres
1540 3174 1603 3222 re·

374 3274 608 3354 sperarunt,
630 3288 726 3355 quos
747 3272 857 3356 ipsos
878 3270 980 3339 filiis
1001 3278 1109 3340 artes
1131 3270 1352 3339 tradidisse
1374 3267 1601 3342 constabat;

375 3381 480 3464 quod
500 3379 718 3466 paullatim
740 3401 786 3451 eo
808 3384 938 3466 venit,
967 3389 1011 3451 ut
1032 3399 1167 3451 eorum
1194 3381 1412 3465 praecipue
1440 3388 1601 3465 patrum

375 3493 524 3562 mentio
546 3492 805 3578 injiceretur,
832 3493 903 3580 qoi-
919 3493 1108 3562 artifices
1131 3493 1305 3588 inerant.
1348 3491 1393 3559 Iit
1413 3492 1465 3559 hic
1486 3491 1601 3558 iterum

377 3606 421 3690 (p.
438 3604 472 3690 6)
495 3623 622 3674 monere
642 3605 751 3683 liceat,
778 3606 810 3674 in
839 3607 940 3674 tribus
969 3605 1031 3674 iliis
1059 3605 1195 3684 indiciis,
1221 3622 1303 3688 quae
1324 3603 1498 3672 Pausanias
1526 3603 1602 3669 arti·

379 3715 491 3786 ficibus
521 3716 659 3801 adJicere
685 3717 783 3799 solet,
812 3737 874 3786 non
903 3723 1010 3803 patres
1039 3737 1108 3787 esse
1136 3718 1193 3787 sed
1220 3723 1440 3802 praeceptores
1469 3717 1602 3804 (πατρὶς,

378 3827 487 3920 picria,
509 3827 764 3901 διδάσκολοςε
787 3849 849 3898 non
872 3830 954 3900 enim
973 3829 1103 3901 artificis
1117 3831 1213 3898 vitam
1229 3830 1284 3896 sed
1299 3835 1399 3896 artem
1414 3846 1604 3914 cognoscere

379 3945 521 4010 veterum
543 3941 656 4010 merito
678 3942 863 4010 intererat¹:
882 3944 949 4027 jun
971 3943 1182 4027 intelligimus,
1207 3943 1290 4027 quod
1312 3940 1390 4009 alias
1405 3943 1483 4010 satis
1498 3939 1604 4008 mirifi-

379 4052 653 4133 concidebatur,
680 4053 837 4135 quomodo
859 4053 975 4122 facturn
998 4055 1054 4136 sit,
1085 4063 1121 4123 ut
1148 4053 1198 4124 vel
1226 4072 1418 4123 summorum
1448 4051 1606 4122 artificum

448 4224 484 4292 (⁶)
492 4225 535 4282 33.
553 4220 702 4294 Ζιυέιάᾶος
720 4222 805 4276 ἐποίει
822 4243 848 4279 n.
861 4225 918 4282 183.

446 4309 531 4380 (“)35.
553 4306 729 4382 Τεισαρᾰςης
745 4309 829 4362 ἐποίει
845 4329 870 4363 n.
886 4313 941 4368 186.

448 4401 514 4458 '3¹6
532 4395 681 4470 Εὸτυχίὰης
698 4397 823 4468 ἐποίησεν
842 4400 884 4456 61.

450 4488 535 4544 ·λ38.
552 4482 648 4555 Χάρης
665 4501 712 4538 scr.
725 4485 758 4540 λλ
776 4484 819 4537 ubi
837 4484 916 4554 patris
933 4491 999 4540 carte
1015 4485 1109 4539 montio
1126 4503 1176 4540 nou
1195 4487 1230 4540 fla

450 4573 513 4632 ⁹40.
532 4567 672 4640 Πολυκλῆς
687 4567 772 4623 uuae
789 4572 830 4628 94.

451 4671 461 4709 ¹
476 4669 517 4722 Ita
528 4665 630 4719 Plinius
647 4663 768 4734 (xxxiv
780 4667 815 4724 50
826 4673 852 4718 et
863 4667 908 4732 79)
926 4664 1040 4735 Lycium,
1059 4685 1134 4736 quern
1146 4669 1262 4737 Myronis
1276 4667 1426 4738 discipulum
1445 4685 1480 4722 ac
1497 4665 1610 4722 filiurn

383 4756 464 4816 rause
481 4756 583 4820 sumus,
601 4753 672 4810 iliius
689 4753 841 4824 discipulum
859 4754 938 4809 uim
955 4755 1091 4808 adunavit.
