3608 5528
735 584 947 648 -59-

228 776 361 844 eandam
391 775 431 844 oh
458 789 587 840 causam
614 767 687 838 lecit
714 789 752 838 ec
780 769 956 852 suiipsius
985 771 1120 853 speciem
1149 771 1192 838 ibi
1220 771 1362 851 inclusit,
1390 789 1453 837 non

228 907 292 972 quo
316 887 477 971 inscriptio
501 889 585 952 esset
606 890 735 967 negata,
763 883 818 951 sed
841 883 925 966 quod
947 888 980 950 et
1001 883 1092 950 amici
1120 888 1153 948 et
1178 883 1276 965 ipsius
1302 881 1454 947 memoria

227 1000 347 1067 diutius
376 1002 461 1068 esset
489 1014 653 1077 mansura,
682 1001 714 1062 et
742 995 860 1078 species
889 1013 1037 1078 expressa
1064 993 1096 1060 in
1124 993 1222 1078 clipeo
1250 994 1452 1077 inscriptione

226 1110 278 1177 vel
307 1107 563 1178 honorificentior
591 1111 683 1174 esset.
735 1107 827 1187 Quod
855 1107 947 1174 aliter
975 1126 1010 1174 se
1038 1095 1185 1174 habuisse
1216 1125 1255 1173 ne
1283 1105 1353 1187 quis
1380 1105 1453 1171 Plu·

229 1223 376 1290 tarchum
397 1225 511 1288 testem
534 1220 609 1286 citet
631 1218 755 1302 (Pericl.
778 1217 893 1301 c.13):
915 1219 935 1306 ὴ
959 1217 995 1282 δὲ
1023 1217 1102 1292 δόξα
1131 1222 1192 1283 τῶν
1220 1214 1322 1303 ἔργων
1350 1215 1454 1292 ἐπίεζε

226 1331 341 1422 φθόνῳ
365 1333 417 1396 τὸν
440 1330 581 1408 Φειδίαν,
611 1330 701 1414 quasi
723 1331 839 1414 optime
862 1328 1019 1397 Ciceronis
1043 1330 1133 1397 dictis
1156 1331 1348 1410 concineret,
1377 1347 1451 1395 nam

228 1444 303 1514 vide
325 1443 435 1526 mode,
464 1462 545 1528 quae
573 1448 763 1525 sequuntur:
791 1443 839 1506 xci
864 1439 999 1528 μάλισθ’
1022 1443 1068 1507 ὅτι
1099 1444 1152 1532 rba
1181 1442 1260 1528 πρὸς
1287 1439 1453 1526 Ἀμαζόνας

223 1559 330 1648 μάχην
351 1555 385 1620 ἐν
408 1563 447 1644 κῇ
470 1554 576 1620 ἀσπίδι
604 1559 699 1620 ποιῶν
727 1554 821 1618 αὑτοῦ
852 1578 916 1619 τινα
942 1555 1070 1643 μορφὴν
1100 1553 1275 1618 ἐνετύπωσε
1306 1553 1453 1618 ...aad

228 1672 285 1734 ταῦ
302 1666 490 1755 Περικλέους
510 1665 612 1732 εἰκόνα
635 1666 791 1755 παγκάλην
812 1661 958 1754 &stipam
982 1666 1099 1733 invidia
1112 1666 1218 1749 igitur,
1240 1682 1304 1747 qua
1317 1664 1451 1732 sommae

226 1780 341 1849 artifici
363 1779 595 1864 inscriptionem
617 1785 764 1864 negatam
786 1797 856 1846 esse
877 1778 997 1857 dicant,
1026 1798 1064 1845 ex
1092 1778 1279 1862 imaginibus
1307 1776 1368 1842 illis
1395 1797 1450 1860 pu-

224 1895 383 1962 tissimum
404 1899 514 1961 exorta
535 1897 592 1960 est.

314 2007 359 2073 Aa
386 2023 443 2072 nos
469 2003 611 2085 quidem,
640 2001 701 2068 nisi
729 2001 813 2068 torta
842 2001 951 2069 Cicero
977 2002 1045 2086 ipse
1073 2006 1110 2068 ut
1137 2001 1266 2067 Phidiae
1296 2001 1450 2068 rationem

229 2118 388 2186 insolitam
411 2117 595 2202 explicaret,
624 2115 793 2181 inscribere
815 2115 845 2182 ei
871 2133 933 2182 non
960 2115 1085 2180 licuisse
1113 2114 1290 2196 suspicatus
1319 2118 1382 2194 est,
1411 2131 1449 2180 ex

226 2229 416 2313 imaginibus
438 2229 470 2294 in
493 2228 654 2294 Minervae
677 2226 775 2309 clipeo
798 2227 954 2308 expressis
975 2224 1061 2291 illam
1084 2223 1228 2292 inbellem
1252 2223 1357 2291 fictam
1379 2241 1450 2291 esse

225 2341 426 2408 arbitramur.
472 2337 563 2419 Quod
585 2358 604 2404 a
627 2345 768 2405 veterum
790 2356 876 2403 more
898 2356 960 2403 uon
983 2337 1182 2403 abhorruisse
1210 2334 1384 2403 luculenter
1410 2335 1449 2402 iis

146 2448 159 2470 '
225 2451 377 2533 efficitur,
410 2471 491 2536 quae
525 2451 563 2516 da
597 2449 698 2521 Saura
732 2456 764 2516 et
799 2449 954 2517 Batrache
987 2448 1182 2517 terebantur:
1215 2447 1334 2514 Plinius
1368 2447 1451 2515 anim

227 2564 385 2649 (xxxvi,
408 2563 463 2648 42)
487 2562 616 2628 tradidit
637 2562 730 2628 haec:
859 2569 860 2572 ’

323 2675 406 2743 »Neo
429 2673 561 2742 Sauram
578 2680 674 2757 atque
689 2673 880 2740 Batrachum
902 2672 1076 2740 oblitterari
1098 2672 1251 2752 convenit,
1272 2671 1327 2754 qui
1348 2671 1450 2740 iecere

229 2785 366 2870 »templa
388 2786 537 2854 Octaviae
564 2783 735 2870 porticibus
763 2783 882 2851 inclusa
910 2785 1038 2852 natione
1066 2785 1126 2868 ipsi
1155 2784 1304 2852 Lacones.
1355 2784 1450 2864 Qui-

228 2899 333 2966 rdam
354 2904 387 2965 et
414 2899 526 2980 opibus
555 2915 608 2964 eos
638 2901 859 2981 praepotentes
889 2895 986 2964 luisse
1015 2901 1129 2980 putant
1159 2915 1196 2964 aa
1225 2914 1283 2963 sua
1309 2897 1452 2981 impensa

229 3011 463 3079 ‘construxisse
484 3009 715 3093 inscriptionem
739 3015 919 3093 sperantes,
942 3028 1013 3094 qua
1027 3010 1159 3094 negata¹
1182 3008 1240 3075 hae
1263 3013 1367 3075 temm
1389 3008 1451 3076 alio

230 3125 342 3190 »modo
365 3141 552 3204 usurpasse:
574 3129 649 3188 suut
671 3126 780 3189 certe
802 3123 972 3188 etiamnum
995 3123 1027 3188 in
1049 3123 1263 3190 columnarum
1285 3121 1377 3204 spiris
1405 3122 1449 3186 in·

229 3233 372 3319 ‚sculpta
393 3236 552 3303 nominum
574 3253 683 3301 eorum
704 3240 889 3317 argumento
911 3232 1029 3301 lacerta
1051 3239 1146 3318 atque
1168 3253 1275 3300 ranae

314 3345 495 3430 capitulum
517 3365 592 3414 sana
616 3352 703 3414 extat
723 3347 773 3414 his
789 3349 976 3416 animalibus
992 3356 1136 3416 ornatum
1153 3347 1349 3433 (wincheim.
1366 3364 1449 3414 mon.

226 3459 309 3526 ined.
333 3459 426 3542 206),
456 3459 511 3526 sed
541 3458 645 3527 fictam
674 3458 820 3528 fabellam
851 3480 888 3528 ex
918 3461 1104 3529 animalibus
1134 3461 1289 3544 expressis
1317 3477 1389 3526 esse
1418 3463 1451 3526 et

228 3570 350 3637 Plinius
373 3571 450 3638 satis
473 3571 609 3638 dilucide
630 3571 778 3638 indicavit
800 3572 940 3657 (quidam
961 3578 1075 3656 putant
1090 3609 1131 3620 —
1146 3571 1203 3638 sed
1219 3572 1252 3639 id
1268 3570 1370 3638 solum
1384 3588 1451 3638 cer·

229 3689 299 3748 tum
321 3687 370 3749 est
390 3681 444 3748 illa
466 3682 613 3749 animalia
629 3700 698 3750 esse
713 3683 881 3767 insculpta)
897 3691 929 3752 et
945 3685 980 3750 R.
997 3685 1170 3750 Rachettus
1185 3683 1218 3769 (i.
1230 3683 1250 3748 l.
1267 3701 1297 3766 p.
1311 3683 1348 3746 11
1366 3682 1449 3766 sqq.)

227 3793 382 3875 probavit.
420 3793 605 3878 Nuperrime
624 3799 728 3861 autem
746 3793 934 3878 Stephanius
956 3800 1040 3862 recte
1054 3797 1175 3862 monuit
1191 3792 1450 3879 (Compterandu

229 3905 311 3970 1865
339 3925 368 3988 p.
392 3906 466 3990 198)
495 3907 630 3973 lacertas
659 3915 693 3974 et
717 3925 810 3974 ranas
839 3907 990 3974 columnis
1018 3907 1103 3974 haud
1131 3906 1225 3973 dubie
1251 3906 1377 3987 saepius
1403 3906 1450 3972 in·

225 4017 365 4100 sculptas
386 4035 465 4098 essa,
490 4018 573 4099 quod
595 4017 679 4084 mala
700 4019 865 4102 prohibere
888 4017 1105 4085 credebantur.
1141 4018 1271 4084 Veteres
1294 4022 1400 4084 autem
1417 4022 1450 4083 et

228 4129 341 4196 Graeci
363 4135 396 4196 et
420 4131 551 4196 Romani
579 4131 619 4196 ad
648 4130 724 4197 talia
750 4130 896 4214 fingenda
923 4152 960 4199 eo
989 4131 1150 4216 proniores
1177 4130 1273 4197 luisse
1300 4129 1376 4195 mibi
1405 4129 1450 4196 vi-

227 4241 353 4322 dentur,
375 4242 523 4322 quoniam
546 4241 631 4307 haud
653 4259 725 4308 raro
748 4244 933 4310 animalibus
955 4244 1080 4310 nomina
1103 4241 1362 4324 expresserunt

296 4466 455 4535 linscriptio
473 4466 557 4519 rolin
582 4466 746 4535 intelligitur3
770 4466 906 4521 artificibus
929 4469 1033 4521 nomina
1055 4469 1193 4521 inscribere
1217 4466 1335 4536 operibus
1351 4467 1449 4519 Βοωιε

224 4553 329 4628 licuisse
346 4553 424 4604 Plinii
441 4552 548 4616 XXXV,
567 4553 647 4622 §154
665 4555 833 4606 confirmetur.
1074 4613 1075 4620 ἵ

295 4637 524 4692 ²Winckelmann.
542 4640 655 4692 Varsuch
672 4640 740 4693 einer
758 4641 888 4710 Allagorie
905 4659 959 4711 cap.
969 4643 999 4696 V.
1020 4673 1050 4682 -
1070 4642 1209 4695 Michaelis.
1229 4641 1302 4696 Arch.
1315 4641 1370 4709 dag.
1382 4639 1447 4695 1859

223 4728 306 4796 1³·24·
333 4723 428 4780 consa.
452 4726 525 4778 drab.
549 4728 611 4779 sna.
632 4727 699 4784 1864
716 4744 743 4795 p·
754 4725 830 4782 217⁴.
852 4757 886 4770 -
909 4728 1072 4784 Friederiahs.
1096 4729 1183 4784 Baust
1202 4745 1226 4780 n.
1239 4728 1289 4784 377
1308 4745 1333 4798 p.
1347 4726 1396 4785 ’207
1414 4724 1447 4779 ei.

220 4812 354 4866 Plutum.
374 4809 429 4866 cir.
446 4827 499 4881 esp.
513 4813 532 4864 1.
550 4814 595 4882 (Ν
611 4833 637 4883 p.
651 4815 701 4870 238
719 4813 829 4884 Sinten.)
