3586 5520
838 563 1071 628 -150-

887 747 1039 816 Ἀπόλλων

358 867 393 934 Ο.
415 866 441 932 Ι.
457 867 507 933 III
528 885 558 934 n.
576 866 668 946 6139,
690 865 745 933 ubi
764 865 880 950 legitur
896 862 1112 948 tradidero<
1132 861 1245 945 ἐποίει)
1267 863 1323 931 sed
1345 864 1580 948 inscriptionem

357 979 442 1046 haud
464 979 631 1064 genuinam
653 997 723 1046 esse
738 976 775 1044 0.
791 977 959 1045 Benndori.
983 978 1115 1045 tradidit
1136 977 1243 1061 (Areh.
1260 977 1337 1043 Anu.
1353 977 1434 1042 1865
1449 996 1479 1060 p.
1492 973 1580 1057 73*.)

249 1187 338 1272 [ers]
951 1175 981 1241 8·

443 1294 575 1360 Athenis
590 1295 721 1363 Pittueis
744 1295 857 1380 (deser.
881 1297 920 1363 de
941 1295 1030 1362 l’snc.
1054 1295 1125 1362 ville
1145 1293 1315 1362 d'dthenes
1337 1314 1367 1378 p.
1383 1295 1458 1379 466)
1481 1313 1583 1378 prope

357 1407 507 1476 Mercurii
529 1407 744 1492 gymnasium,
774 1408 857 1490 quod
872 1414 987 1491 νοω),
1016 1407 1099 1475 hunc
1120 1407 1248 1476 titulum
1276 1425 1311 1475 se
1338 1407 1513 1491 repperisse
1541 1408 1585 1474 si·

357 1519 503 1587 muluvit:

555 1619 656 1712 Ἑρμῇ
674 1620 845 1709 Ἑναγωνίῳ
863 1617 1097 1711 Ἀὐτοσθενίδης

562 1731 788 1801 Αὐτουθενίὸυυ
808 1733 995 1799 Ξυπεταιὼν.
1011 1733 1174 1823 ἀνέθηκεν,

562 1847 837 1937 γυμνασιαρχῇυας
857 1845 1020 1934 Κεκροπίὸι
1043 1851 1127 1938 φυλῇ
1149 1848 1184 1919 ἐς

563 1955 767 2044 Παναθήναια
791 1957 827 2022 τὰ
846 1959 978 2044 μεγάλα,
1001 1961 1284 2047 ατεφανωσαῖντων

563 2069 655 2136 αὐτὸν
678 2073 741 2134 τῶν
764 2070 905 2158 φυλετῶν
928 2070 976 2134 ἐπὶ
997 2071 1181 2158 Χαιρώνδου
1204 2072 1371 2163 ἄρχυ[ντας

558 2177 711 2270 Ἀρτέμων
730 2205 773 2267 με
794 2180 947 2270 ἐποίησεν.

363 2315 397 2379 et
424 2311 457 2378 in
484 2331 621 2379 errorem
648 2310 772 2380 induxit
792 2311 828 2376 R.
852 2313 1040 2380 Roehdtum
1062 2313 1177 2399 (lettre.
1200 2334 1230 2398 p.
1247 2315 1323 2399 230)
1352 2321 1384 2382 et
1406 2315 1584 2382 Brunnium

362 2423 392 2507 (Ι
412 2442 443 2508 p.
460 2423 546 2510 557),
569 2424 623 2505 qui
646 2422 772 2507 quidem
795 2429 887 2490 caute
907 2423 1069 2492 adnotavit
1090 2425 1130 2490 ab
1150 2445 1212 2492 uuo
1227 2427 1341 2494 Pittaci
1355 2426 1438 2493 huuc
1452 2426 1583 2493 titulum

361 2534 512 2601 traditum
539 2553 618 2603 esse.
667 2532 833 2601 Manifesto
860 2541 966 2602 sutem
993 2536 1075 2604 idem
1102 2537 1214 2604 titulus
1241 2543 1291 2603 est
1318 2538 1350 2604 in
1377 2537 1411 2604 0.
1440 2537 1465 2603 Ι.
1495 2558 1543 2622 gr.
1567 2537 1584 2603 1

361 2667 392 2714 n.
409 2647 480 2731 251,
504 2646 558 2714 ubi
580 2647 708 2713 ultimus
729 2665 856 2714 versus:

630 2775 799 2866 ἄρχαν]τας
819 2825 954 2843 .....
975 2801 1045 2863 μων
1065 2801 1108 2863 με
1129 2777 1307 2868 ἐ[πυί]ησεῖ

363 2906 401 2975 ei.
417 2907 561 2973 Brunn.I
575 2927 605 2991 p.
617 2907 689 2972 402.
721 2908 812 2975 Hunc
828 2908 938 2991 locum,
954 2909 1009 2977 ubi
1020 2909 1152 2978 Pittacis
1166 2928 1277 2978 revers
1292 2909 1417 2979 titulum
1432 2910 1583 2992 repperit

363 3019 457 3088 etism
478 3017 619 3104 Rsngub.
636 3019 669 3086 11
690 3039 720 3104 p.
738 3019 799 3083 742
822 3039 852 3088 u.
871 3020 951 3086 1071
976 3021 1092 3090 citavit.

956 3221 985 3284 9.

449 3335 580 3404 Pittseis
603 3336 716 3421 (deser.
740 3338 852 3406 Athen.
874 3359 905 3424 p.
924 3339 998 3423 111)
1021 3340 1192 3424 Lysieratis
1214 3347 1448 3408 monumentum
1470 3342 1585 3409 aPra·

256 3415 345 3501 [219]
363 3448 457 3518 uitele
469 3443 624 3517 'ornatum
647 3469 716 3517 esse
737 3470 776 3518 ex
798 3451 889 3518 titulo
913 3453 1047 3536 collegit,
1069 3471 1163 3542 quem
1179 3454 1224 3522 ibi
1239 3455 1390 3538 seipsum
1406 3454 1586 3538 repperisse

364 3559 543 3628 affirmarit:

790 3600 983 3738 [lpafrikipc
1003 3649 1156 3739 ἐποίησεν.

365 3774 553 3858 Rsngubeus
582 3772 659 3858 (rev.
689 3775 845 3854 emnil,
877 3777 958 3844 1845
987 3796 1018 3860 p.
1040 3779 1116 3865 423)
1146 3779 1273 3848 titulum
1302 3781 1390 3848 illum
1420 3800 1440 3849 a
1469 3781 1585 3848 Pittac.

365 3884 472 3953 fictum
493 3885 594 3954 voluit
614 3887 670 3954 sed
693 3907 721 3955 ν.
744 3889 784 3956 ud
806 3908 836 3955 n.
854 3890 893 3954 19
916 3895 948 3957 et
969 3890 1069 3976 [2121.

924 4088 995 4154 ¹10.

450 4205 570 4272 Romae
591 4209 748 4321 quondam
769 4209 800 4278 in
823 4209 896 4280 villa
918 4163 1055 4296 Negroui
1077 4213 1109 4279 in
1130 4213 1238 4282 herma
1259 4215 1326 4282 siue
1348 4215 1464 4298 capite:

883 4323 926 4387 Ed
952 4323 1042 4388 αυλεύ

258 4325 348 4412 [220]
864 4324 1074 4522 Πραβξιτέλυυςς
1400 4386 1435 4454 c'
1458 4389 1482 4454 I'
1499 4390 1586 4456 6148

367 4559 543 4627 Eubuleum
564 4561 663 4628 filium
685 4564 849 4632 Praxitelis
872 4570 904 4632 et
925 4565 1114 4648 sculptorem
1136 4567 1234 4633 fuisse
1256 4567 1381 4651 quidam
1408 4568 1588 4653 voluerunt,

367 4689 445 4756 quos
462 4673 529 4756 jam
550 4673 813 4757 impugnaverunt
829 4677 863 4742 R.
880 4677 1053 4744 itoehettus
1076 4679 1182 4761 (lettre
1204 4698 1234 4761 p.
1251 4677 1312 4745 305
1335 4679 1395 4763 sq.)
1419 4685 1451 4746 et
1466 4681 1585 4747 Brunn.

368 4784 396 4876 (I
418 4805 448 4869 p.
465 4785 551 4870 394).
597 4786 630 4852 Is
652 4793 773 4863 sutem,
796 4789 850 4870 qui
870 4789 925 4855 illu
947 4791 1071 4856 nomina
1093 4789 1188 4873 lapidi
1211 4791 1385 4874 inscripsit,
1409 4791 1587 4875 siguificare
