3586 5520
665 533 900 599 -175-

180 723 266 807 signa
296 721 407 789 iecisse
430 726 463 788 et
481 719 593 805 glossis
619 721 749 788 docetur
772 721 815 805 (p.
834 721 894 786 136
918 721 1056 805 Steph.),
1079 722 1132 790 nbi
1154 742 1212 801 ιιι,
1231 746 1397 810 μαρμαρι»

179 832 271 915 ποιός,
294 831 572 918 ἀγαλματογλύφος
594 838 626 898 ut
643 831 782 900 Senecae
805 832 939 914 epistula
953 833 1160 914 LXXXVIII,
1184 836 1238 920 qui
1259 837 1396 919 scripsit:

179 964 258 1027 „non
274 944 422 1025 adducor,
444 950 481 1010 nt
502 944 534 1010 in
557 963 721 1011 nnmerum
743 945 866 1018 artium¹
879 944 1057 1013 liberalium
1078 947 1217 1030 pictores
1239 947 1397 1030 recipiam,

177 1078 239 1125 non
260 1058 359 1142 magis
381 1076 475 1140 qnam
496 1057 671 1123 statuarios
693 1062 749 1123 ant
777 1059 998 1125 marmorarios
1025 1065 1081 1124 ant
1112 1065 1233 1126 cetoros
1254 1058 1397 1125 luxuriae

176 1169 364 1248 ministros‚‹
390 1170 451 1248 ubi,
474 1187 543 1235 enm
566 1170 722 1253 pictorum
738 1169 873 1250 tabulae,
895 1171 1123 1237 statuariornm
1143 1177 1268 1238 statuae
1282 1189 1398 1237 aeneae

175 1281 247 1357 sint,
269 1280 456 1361 memorarii,
479 1279 512 1346 ni
536 1279 636 1362 fallor,
658 1286 743 1347 rente
766 1281 981 1364 intelliguntur
998 1282 1029 1364 ii,
1052 1283 1106 1364 qni
1121 1283 1210 1365 signa
1224 1300 1399 1348 marmorea

176 1392 335 1459 creabant.

261 1506 521 1572 Amarmorariie
545 1503 723 1590 lapidarias
748 1506 780 1572 in
803 1506 983 1572 universum
1006 1507 1148 1573 diversos
1170 1503 1268 1572 fnisse
1289 1511 1322 1570 et
1342 1524 1398 1588 per

175 1635 209 1683 se
231 1623 334 1699 patet,
359 1623 391 1683 et
418 1619 509 1684 titulo
532 1620 683 1700 probatur
705 1617 862 1684 Orelliano
884 1617 969 1682 4220
991 1618 1035 1702 (ιι.
1052 1619 1121 1700 21);
1151 1617 1207 1684 sed
1229 1619 1250 1682 ii
1272 1634 1398 1699 qnoque

175 1731 297 1811 majora
318 1737 518 1796 monomenta
539 1729 693 1796 lecerunt:
717 1729 749 1793 in
763 1729 903 1794 Petronii
924 1730 1006 1796 enlm
1028 1730 1130 1810 capite
1146 1728 1229 1794 LXV
1251 1729 1305 1812 qui
1332 1747 1394 1794 me-

176 1846 318 1906 moratur
331 1839 511 1907 »Habinnas
527 1842 609 1907 sevir
623 1841 766 1922 idemque
779 1842 960 1923 lapidarius,
988 1841 1042 1925 qni
1057 1840 1142 1925 [sibi]
1156 1841 1279 1907 ridetur
1290 1858 1398 1905 monn·

175 1957 283 2017 menta
305 1952 421 2035 optime
443 1951 571 2028 lacera«
598 1972 616 2018 a
638 1952 864 2019 Trimalchione
885 1953 917 2018 in
940 1971 1007 2035 cap.
1020 1953 1123 2018 LXXI
1146 1959 1286 2034 rogatur,
1310 1958 1346 2018 nt
1367 1958 1399 2017 et

177 2063 277 2145 ipsine
289 2069 361 2144 post
375 2070 505 2130 mortem
522 2070 555 2131 et
569 2063 759 2130 Fortunatae
775 2064 879 2129 uxoris
897 2069 1019 2130 statuas
1035 2064 1066 2129 in
1083 2069 1283 2130 monumento
1296 2062 1398 2145 sepul·

176 2173 254 2240 crali
275 2180 382 2257 ponat
404 2167 408 2174 ’

262 2284 412 2364 Plantae,
440 2290 493 2371 qui
515 2287 727 2371 proplasmata
754 2285 857 2364 finxit,
887 2285 941 2368 (pl.
964 2285 1153 2369 imaginarii:
1184 2285 1275 2352 edict.
1299 2284 1396 2351 Diocl.

176 2413 246 2480 cap.
263 2396 325 2463 VH
344 2396 364 2461 l.
381 2397 435 2480 29)
457 2399 571 2464 titulus
593 2405 642 2465 est
663 2418 692 2463 n.
709 2399 760 2464 25.

265 2507 326 2587 Qui
356 2516 477 2576 statuas
505 2529 603 2594 gypso
625 2509 713 2576 fictas
735 2511 891 2591 iuuerunt,
915 2511 1060 2577 universo
1082 2511 1204 2576 nomine
1226 2509 1303 2576 dieti
1325 2514 1400 2574 sunt

178 2621 312 2700 aerarii,
336 2638 416 2704 qnos
439 2628 472 2687 et
493 2623 592 2688 omnis
614 2623 737 2706 generis
759 2641 855 2707 opera
870 2630 902 2688 st
920 2621 1041 2704 »sigilla
1058 2621 1107 2687 vel
1122 2616 1262 2686 statuas&
1288 2619 1398 2688 iecisse

177 2731 275 2798 edicti
296 2731 426 2812 Diocles,
449 2751 515 2816 cap.
532 2732 593 2799 VII
615 2732 668 2800 lin.
685 2735 726 2798 24
742 2752 808 2818 sqq.
832 2734 909 2800 satis
932 2734 1093 2817 probatur.
1104 2733 1126 2815 ¹)
1164 2731 1317 2798 Peculiari
1332 2731 1397 2812 qui-

180 2842 254 2908 dem
276 2843 416 2923 nomine,
443 2846 497 2925 qni
519 2851 640 2912 statuae
664 2865 700 2911 er
723 2864 795 2912 aere
817 2844 1004 2925 affecerunt,
1025 2844 1214 2910 denominati
1237 2849 1311 2908 sunt
1332 2853 1398 2904 eto-

178 2953 314 3036 taare'i')
331 2953 383 3038 (ol.
399 2955 549 3037 imprimis
562 2956 742 3035 Quintilian.
756 2957 796 3032 ll,
810 2957 860 3036 21,
878 2957 927 3020 10.
950 2956 1029 3022 Ρ11ιι.
1039 2955 1183 3035 XXXVI,
1202 2955 1288 3037 15)⁸)
1304 2953 1398 3020 iidem

177 3066 218 3132 ab
242 3066 388 3150 operibus
410 3063 521 3132 flaudis
534 3065 713 3152 flaturae-ii
738 3069 780 3152 (n.
797 3067 848 3147 32,
870 3067 924 3150 33)
948 3074 981 3134 st
993 3066 1168 3153 statarorit'
1186 3064 1402 3153 aiqilloro'ors'e'

177 3173 247 3260 (34)
269 3175 319 3242 rel
340 3174 478 3258 fusores,
501 3198 520 3244 a
541 3180 672 3246 materia
694 3182 787 3247 etiam
802 3177 904 3264 sobri
923 3203 943 3243 o
961 3177 1138 3245 Corinthiis
1153 3179 1196 3262 (n.
1209 3177 1249 3243 35
1265 3178 1302 3245 ol.
1317 3177 1396 3243 Plin.

175 3286 322 3368 XXXIV,
336 3286 392 3371 48)
414 3289 490 3356 dicti
512 3295 594 3356 snnt.

265 3397 398 3465 serioris
421 3402 533 3467 astatis
555 3407 629 3467 sunt
650 3399 832 3486 officinator
854 3425 874 3466 o
897 3402 1012 3465 statuis
1035 3401 1115 3485 (36),
1137 3408 1169 3467 et
1190 3398 1314 3485 artifee
1336 3401 1398 3486 eiq-

176 3509 293 3573 nare'ae
316 3509 383 3594 (37)
406 3511 485 3578 etin
500 3512 592 3580 titulo
608 3513 742 3596 quodam
758 3513 934 3580 Christiano
953 3511 1129 3580 Gennarins
1143 3524 1298 3599 maqeeter
1313 3536 1398 3576 mar-

176 3620 382 3706 morariue.⁴)

181 3865 183 3869 ’
277 3869 299 3932 ¹)
318 3867 441 3919 immerito
466 3865 557 3936 igitur,
582 3877 611 3919 nt
628 3866 741 3930 vitiator,
763 3863 1024 3934 linqueremus
1042 3883 1068 3933 p.
1081 3867 1132 3920 279
1150 3866 1270 3934 12543)
1288 3867 1396 3920 sentia

177 3969 221 4006 eos
234 3951 392 4021 potissimum
405 3951 541 4016 intellexit,
553 3951 596 4020 qni
611 3967 670 4004 aera
687 3969 719 4005 ex
732 3951 841 4003 metallis
854 3951 1008 4018 effoderent;
1021 3950 1078 4002 ride
1091 3951 1168 4003 enam
1180 3949 1325 4004 Porcellin’a
1342 3969 1363 4003 s.
1373 3969 1396 4003 ι.

264 4070 302 4142 ξ’)
320 4071 410 4125 titulae
438 4071 539 4140 qnidam
559 4071 727 4138 ¹(irritationes
745 4071 842 4138 (640,9
862 4089 909 4135 „ex
934 4070 1049 4124 'l'orello“
1061 4090 1094 4116 =
1112 4070 1198 4132 987,4
1217 4087 1265 4133 „ex
1283 4069 1396 4139 Sareyna

174 4157 301 4226 (I'orello)
317 4167 343 4212 et
362 4157 569 4222 Pontinianis“):
590 4157 697 4209 Oeterie
713 4155 740 4206 0.
754 4156 771 4207 l.
783 4155 795 4226 ΙΙ
807 4156 894 4208 Hilaro
904 4155 917 4224 ΙΙ
929 4157 960 4210 V.
972 4157 988 4208 t.
998 4157 1083 4208 sibiet
1093 4156 1106 4224 ΙΙ
1116 4157 1145 4210 L.
1156 4155 1243 4209 Coelio
1255 4156 1281 4207 L.
1291 4156 1308 4208 l.
1320 4155 1333 4224 ΙΙ
1344 4165 1395 4208 ete·

173 4243 307 4312 taurinati
325 4245 474 4298 statuarlnm
498 4259 549 4295 non
566 4242 691 4310 pertinet:
709 4243 735 4293 in
754 4257 825 4294 seren
838 4243 863 4298 5.
882 4242 958 4300 enlm.
975 4242 1018 4294 abi
1037 4258 1175 4311 nognornen
1193 4241 1277 4293 liberti
1294 4241 1395 4294 deride-

173 4339 251 4394 retur,
269 4329 349 4384 famae
365 4329 470 4382 ridetur
491 4327 640 4393 „Saturast
661 4328 728 4394 qnod
746 4328 928 4381 Mommsenine
947 4345 980 4380 ex
997 4328 1097 4380 schedis
1116 4328 1181 4381 mihi
1198 4327 1310 4384 tradidit.

274 4451 298 4518 ⁸)
315 4449 504 4520 Ilerqnertltina
521 4449 539 4502 l.
551 4447 569 4500 l.
588 4467 613 4516 p.
626 4449 676 4504 229
693 4464 718 4498 n.
732 4449 800 4504 2070
822 4449 969 4500 statuariam
994 4457 1074 4502 artem
1092 4464 1192 4513 eornm,
1216 4449 1261 4515 qni
1277 4447 1349 4516 elgae
1367 4463 1396 4500 ex

177 4553 239 4590 euro
258 4544 285 4590 et
301 4538 375 4590 abore
394 4536 523 4598 oreabant,
544 4535 625 4587 inisse
642 4536 725 4587 minae
742 4543 809 4586 reate
828 4534 945 4601 opinatae
962 4543 1008 4588 eet.
1102 4538 1108 4550 '

274 4657 297 4726 ⁴)
315 4657 384 4710 hano
402 4656 521 4709 laudarit
538 4655 611 4708 sam.
629 4654 655 4707 le
672 4654 764 4708 Blantr
782 4671 826 4707 aar
842 4653 881 4706 les
898 4670 1021 4723 prasente
1038 4654 1083 4708 ‹lse
1106 4653 1267 4722 inseriptione
1278 4653 1395 4720 entiqnee

179 4742 361 4814 (obretiennee)
379 4743 405 4794 in
423 4759 476 4798 rer.
495 4743 527 4796 ‹le
544 4741 602 4795 l'srt
614 4740 685 4794 ehrtt
708 4741 773 4799 1859
801 4758 825 4809 p·
842 4741 879 4796 ta.
898 4757 931 4792 ex
947 4740 1054 4794 (lusere
1072 4739 1152 4794 leonia
1168 4741 1238 4794 erist.
1258 4740 1299 4792 del
1315 4738 1394 4791 Piero.
