3608 5528
853 1579 1020 1660 CAPUT
1045 1580 1111 1656 IV.

517 1769 606 1908 ooo
634 1799 680 1890 m
706 1797 790 1891 usu
818 1795 1055 1890 snrnuron
1082 1793 1449 1902 soonenonnsous

680 1953 1012 2050 nsoonnoms
1039 1953 1305 2046 mousom.

460 2162 506 2228 Ac
535 2159 671 2244 priunum
701 2158 828 2240 quidem
860 2177 923 2225 non
958 2157 1058 2224 cuivis
1091 2158 1178 2242 operi
1211 2157 1348 2226 auctoris
1381 2176 1495 2226 nomen
1525 2159 1601 2227 sub·

375 2271 526 2356 scriptum
555 2289 624 2338 esse
653 2288 713 2352 per.
738 2287 774 2337 se
802 2273 907 2352 patet;
940 2274 1079 2335 attamen
1108 2268 1325 2354 inscriptiones
1359 2271 1527 2354 praecipue
1558 2289 1599 2336 er

376 2382 594 2449 florentissimo
617 2381 696 2448 artis
725 2399 802 2448 aeno
831 2399 1006 2462 perpaucae
1035 2386 1118 2448 sunt.
1162 2381 1211 2447 Ex
1239 2379 1372 2448 00000
1403 2387 1508 2448 autem
1536 2387 1601 2448 stn-

377 2495 488 2563 tuariis
510 2493 794 2577 sculptoribnsque,
816 2510 949 2577 quornm
969 2494 1096 2560 nomina
1110 2497 1245 2560 aetatem
1262 2494 1410 2576 tulerunt,
1435 2492 1602 2562 CXXVIII

377 2606 479 2673 solum
501 2624 539 2672 cx
559 2604 813 2688 inscriptionibus
835 2604 1002 2686 fluxerunt,
1023 2605 1162 2672 XXVIII
1185 2609 1309 2672 tantum
1330 2610 1363 2673 et
1384 2606 1416 2672 in
1440 2606 1600 2690 scriptori-

378 2720 438 2786 bus
459 2724 493 2786 et
519 2718 552 2783 in
580 2717 680 2784 tituIIs
707 2718 924 2800 inueniuntur,
951 2718 1036 2802 quod
1064 2716 1114 2784 nel
1141 2717 1270 2801 majoris
1299 2717 1449 2786 momenti
1478 2716 1604 2785 videtur

380 2830 590 2914 cogitantibus
618 2829 723 2906 nobis,
752 2828 887 2895 Plinium
915 2829 1006 2911 quasi
1034 2827 1232 2897 selectionem
1261 2829 1418 2914 quandam
1446 2830 1601 2898 bonorum

380 2940 535 3010 artificum
557 2941 726 3007 memoriae
747 2939 938 3024 prodidisse,
968 2957 1100 3023 quorum
1123 2940 1249 3025 quidem
1270 2940 1380 3008 XVIII
1403 2945 1529 3008 tantum
1555 2941 1605 3008 in·

382 3054 567 3136 scriptiones
589 3052 750 3120 babemus.
793 3052 864 3120 Huc
886 3059 991 3120 anum
1014 3051 1150 3133 accedit,
1179 3052 1263 3136 quod
1286 3053 1456 3136 scriptores
1476 3059 1604 3121 veteres

382 3164 608 3247 inscriptiones,
630 3182 709 3248 quas
731 3163 908 3231 rarissimos
931 3182 1046 3247 casque
1068 3184 1088 3230 a
1109 3165 1239 3230 summis
1254 3162 1428 3231 artificibus
1444 3165 1603 3248 profectas

384 3276 573 3352 attulerunt,
605 3275 772 3342 Inusitatas
801 3275 851 3342 vel
885 3292 1131 3359 supervacaneas
1164 3293 1234 3342 esso
1268 3274 1407 3344 indicare
1442 3277 1606 3344 uidentur:

384 3387 557 3456 Pausanias
579 3387 663 3454 enim
685 3387 722 3468 V,
746 3389 803 3468 10,
834 3387 853 3451 2
885 3385 1006 3452 Φειδίαν
1035 3385 1072 3451 δὲ
1100 3388 1151 3451 τὸν
1178 3385 1394 3474 ἐργασάμενον
1420 3388 1455 3453 τὸ
1483 3387 1608 3472 ἄγαλμα

386 3501 488 3584 (Jovis
511 3497 659 3583 Olympii)
682 3497 758 3563 eluat
781 3503 841 3564 καὶ
863 3497 1042 3586 ἐπίγραμμά
1064 3499 1145 3564 ἐστιν
1169 3498 1204 3570 ἐς
1222 3499 1474 3586 euprepiae&
1519 3501 1608 3581 Quae

386 3631 457 3680 cum
477 3612 523 3678 ita
545 3610 627 3692 sint,
657 3630 720 3694 qua
741 3611 864 3680 rationo
885 3609 1041 3680 aruncum
1068 3611 1219 3679 memoria
1247 3630 1267 3676 a
1291 3610 1452 3680 setembus
1480 3617 1609 3680 servata

385 3723 429 3789 sit
448 3722 689 3806 investigemus,
717 3723 830 3807 quodsi
853 3722 1118 3807 exploraverimus
1140 3728 1173 3790 et
1193 3723 1431 3807 inscriptionum
1453 3721 1609 3791 artificum

386 3851 478 3900 usum
500 3831 613 3899 melius
635 3851 866 3915 cognoscemus.

473 3942 508 4009 Si
528 3944 599 4027 quis
621 3943 718 4027 igitur
740 3945 823 4012 unde
838 3944 1031 4014 Graecorum
1052 3943 1208 4014 artificum
1228 3946 1372 4014 notitiam
1392 3952 1515 4014 ueteres
1529 3947 1609 4014 bau·

387 4055 500 4136 serint,
522 4056 727 4138 quaesiuerit,
750 4063 783 4124 et
804 4058 1070 4144 inscriptionibus,
1100 4059 1275 4140 dequibus
1297 4077 1325 4124 v.
1348 4076 1378 4140 p.
1396 4059 1437 4124 36
1459 4064 1553 4139 nott,
1575 4064 1611 4127 ct

387 4167 556 4234 memoriae
577 4166 745 4250 plurimum
767 4170 886 4236 tribuet
908 4189 977 4237 eam
998 4171 1039 4237 ob
1068 4189 1210 4247 oausam,
1238 4171 1322 4253 quod
1349 4170 1433 4253 apud
1462 4169 1611 4253 oenones

388 4275 438 4344 vel
462 4295 652 4345 summorum
674 4266 829 4347 artificum
851 4281 937 4349 nulla
958 4282 1024 4350 iero
1052 4283 1168 4350 mentio
1197 4271 1363 4348 inicnitur.
1407 4281 1497 4361 Quod
1525 4283 1610 4348 enim

389 4390 577 4457 Plutarchus
600 4391 743 4475 (Periclis
765 4393 849 4460 uitae
871 4413 939 4478 cop.
955 4395 1049 4480 Xlll)
1073 4395 1112 4461 de
1133 4393 1280 4477 operibus
1303 4393 1390 4474 nint,
1417 4393 1530 4476 quibus
1551 4392 1613 4462 Pe-

388 4501 480 4570 ricles
502 4503 697 4586 potissimum
720 4506 831 4574 urbem
852 4507 977 4574 ornavit
997 4507 1099 4573 κάλλει
1118 4505 1176 4592 μὲν
1199 4507 1259 4598 γὰρ
1289 4504 1418 4572 ἕκαστον
1447 4503 1544 4576 εὐθὺς
1571 4505 1612 4595 ἦν

458 4761 469 4808 ¹
483 4759 521 4820 Gi.
538 4759 605 4816 Plio.
617 4759 724 4829 XXXV,
742 4763 783 4828 28,
