3608 5528
726 602 937 674 ,57-

221 797 429 878 architectus,
464 797 519 881 qni
547 797 635 864 lovis
666 795 802 880 Olympii
831 796 980 881 templum
1010 802 1189 866 exhuuerat
1217 799 1268 883 (V,
1300 799 1357 880 10,
1386 799 1440 884 a).

223 910 327 992 Atque
355 908 414 975 hoc
442 909 610 976 memoriae
638 909 858 992 propagandae
886 927 985 992 genus
1018 928 1089 977 cum
1119 929 1157 976 ex
1184 911 1307 994 patriae
1336 929 1442 979 amore

220 1019 394 1110 proiectum
421 1026 521 1101 essct,
555 1037 627 1086 mox
656 1025 742 1087 corte
768 1020 790 1086 ii
818 1021 1005 1104 subternot,
1040 1022 1095 1104 qui
1127 1022 1160 1088 id
1187 1023 1348 1105 negotium
1382 1021 1443 1091 sibi

220 1136 410 1212 sumserunt,
432 1132 614 1214 exegetae1,
637 1133 692 1216 qui
716 1132 875 1215 »hospites
897 1133 938 1200 ad
961 1152 1014 1216 ea,
1038 1151 1119 1215 quae
1140 1133 1270 1201 visenda
1291 1139 1366 1202 sunt
1387 1135 1443 1200 du-

221 1261 293 1311 cere
315 1244 418 1310 solent
440 1249 472 1310 et
494 1244 729 1329 unumquidque
751 1244 935 1312 ostendere«
961 1243 1039 1329 (cic.
1055 1245 1087 1311 io
1101 1246 1189 1313 Verr.
1213 1251 1274 1312 act.
1287 1247 1319 1313 11
1339 1263 1384 1312 or.
1397 1247 1442 1312 IV

220 1355 345 1441 §132),
372 1373 451 1440 quos
480 1357 646 1442 praecipue
677 1357 709 1422 in
736 1357 906 1438 praeclaris
935 1358 1067 1425 urbibus
1097 1362 1130 1424 et
1156 1357 1279 1442 templis
1306 1357 1442 1426 familiae

220 1455 352 1534 vinculis
380 1487 534 1537 connexos
562 1468 680 1536 luisse²
707 1473 950 1537 consentaneum
979 1476 1028 1538 est
1058 1471 1117 1552 ita,
1148 1474 1185 1536 ut
1212 1489 1233 1538 a
1260 1476 1352 1552 patre
1378 1469 1442 1536 filio

218 1597 301 1662 quae
321 1581 472 1648 memoria
493 1581 588 1664 digna
612 1585 716 1663 erant,
743 1580 960 1665 proderentur.
1006 1582 1049 1648 Et
1070 1582 1117 1648 illi
1144 1580 1299 1648 artificum
1325 1600 1442 1649 memo·
1501 1649 1504 1656 A

219 1691 300 1758 fiam
327 1699 509 1776 servarnot3
537 1710 599 1760 non
627 1711 702 1760 voro
730 1693 868 1777 cuiusvis
896 1693 1000 1778 operis
1029 1697 1189 1761 auctorem
1215 1694 1350 1776 posteris
1378 1697 1443 1760 tra·

218 1803 381 1872 diderunt:
404 1805 450 1871 ita
467 1806 533 1888 J'am
555 1804 734 1872 Herodotus
755 1823 825 1872 cum
850 1805 875 1888 I,
898 1805 936 1871 51
964 1806 1159 1872 enarraverit
1179 1825 1200 1873 a
1221 1806 1337 1874 Croeso
1361 1808 1442 1874 duos

220 1921 370 1995 crateras,
392 1921 576 2001 argenteum
597 1922 631 1984 et
652 1936 783 1985 aureum
801 1918 939 2003 Delphos
961 1918 1074 1984 missos
1097 1937 1174 1998 esse,
1198 1936 1314 1986 aureus
1335 1937 1355 1984 a
1377 1937 1441 2003 quo

218 2027 377 2113 perlectus
399 2035 492 2110 esset,
515 2047 705 2115 quamquam
724 2030 810 2097 haud
833 2030 928 2097 dubie
948 2029 1119 2114 pretiosior
1138 2028 1208 2112 luit,
1231 2049 1293 2097 non
1307 2029 1442 2111 rettnht,

218 2158 291 2207 cnm
311 2145 495 2224 argenteum
517 2141 671 2209 Theodori
687 2141 784 2209 Samii
806 2158 885 2225 opus
907 2159 977 2209 esse
999 2141 1222 2209 tradiderunt
1244 2142 1305 2229 γὰρ
1321 2143 1355 2205 τὸ
1371 2164 1441 2206 συν·

222 2254 314 2342 τυχὸν
335 2251 478 2339 φαίνεταί
494 2275 549 2338 ραι
569 2250 661 2339 ἔργον
676 2252 768 2336 alvum
789 2255 896 2335 itaque
911 2255 994 2338 quod
1009 2259 1094 2321 arte
1108 2254 1252 2322 effectum
1268 2259 1325 2331 est,
1348 2255 1443 2320 etiam

222 2363 373 2432 ardfieem
394 2364 586 2447 nobilitavit,
608 2365 692 2449 quod
714 2383 752 2430 eo
773 2367 876 2448 vonit,
898 2372 951 2448 nt,
974 2366 1097 2433 etiamsi
1119 2382 1240 2448 eorum,
1271 2365 1325 2447 qui
1346 2384 1442 2449 opera

219 2477 456 2554 dedicaverant,
485 2477 613 2544 nomina
640 2477 820 2545 oblitterata
850 2481 960 2561 erant,
991 2483 1136 2546 auctores
1164 2497 1227 2545 non
1254 2482 1359 2545 essent
1389 2477 1443 2544 ob-

218 2588 333 2656 livione
355 2588 477 2670 obruti3
506 2588 592 2670 quod
613 2589 789 2656 Pausaniae
810 2589 836 2672 1,
859 2591 889 2672 2,
912 2590 931 2654 3
955 2588 1171 2657 confirmatur:
1195 2587 1260 2655 ἔστι
1282 2588 1319 2654 δὲ
1341 2591 1443 2676 τάφος

219 2700 256 2764 οὐ
280 2699 389 2790 πόρρω
413 2705 475 2766 τῶν
496 2703 600 2766 πυλῶν
622 2697 759 2790 ἐπίθημα
783 2699 863 2792 ἔχων
886 2702 1079 2790 στρατιώτην
1102 2702 1185 2790 ἵππῳ
1209 2701 1441 2791 παρεστηκότα·

218 2813 322 2877 ὅντινα
341 2815 399 2899 μὲν
421 2811 477 2878 oda
497 2812 583 2892 otta,
613 2812 805 2904 Πραξιτέλης
831 2814 868 2879 δὲ
894 2815 946 2880 τὸν
975 2815 1065 2880 ἵππον
1094 2817 1142 2880 καὶ
1170 2817 1221 2880 τὸν
1248 2813 1441 2902 στρατιώτην

219 2923 372 3014 ἐποίησεν.

305 3037 392 3117 Quae
408 3054 492 3106 cum
521 3037 566 3104 ita
595 3037 672 3122 sint,
703 3037 831 3106 summis
861 3037 1033 3106 artificibus
1062 3039 1150 3107 cordi
1179 3045 1263 3107 esset
1289 3057 1352 3106 non
1382 3037 1443 3106 brit

218 3165 363 3229 amessa,
397 3154 433 3216 ut
461 3149 669 3217 inscriberent
697 3151 823 3217 nomina
851 3151 884 3217 in
914 3169 1044 3236 operum
1074 3151 1220 3235 basibus,
1252 3151 1438 3236 praesertim

220 3280 292 3328 cum
312 3259 444 3329 artificia
472 3263 632 3346 publice
660 3263 804 3331 dedicata
831 3262 1062 3347 perfecissent
1107 3263 1189 3330 Nam
1214 3264 1319 3347 paullo
1348 3264 1440 3331 ahter

219 3391 272 3440 res
294 3391 328 3440 se
348 3373 485 3442 habehat
506 3375 538 3441 in
561 3376 755 3459 privatorum
776 3375 1000 3456 monumentis,
1030 3394 1109 3459 quos
1130 3374 1287 3443 artificum
1314 3375 1440 3443 laudem

220 3485 254 3551 in
276 3504 366 3552 suam
390 3487 523 3554 vertisse
544 3487 576 3552 in
599 3487 832 3571 epigrammatis
846 3487 1054 3555 intelleximus
1068 3506 1099 3570 p.
1114 3489 1153 3552 17
1161 3509 1177 3570 ;2
1192 3494 1225 3555 et
1237 3488 1351 3555 horum
1366 3505 1442 3554 sana

219 3598 389 3680 plurimum
410 3597 577 3675 intererat,
606 3603 658 3680 ut,
686 3617 755 3665 cum
779 3617 916 3684 operae
944 3601 1073 3666 summis
1102 3599 1275 3668 artificibus
1302 3599 1442 3685 perlecta

220 3707 418 3790 dedicarent,
452 3729 559 3778 eorum
587 3711 714 3778 nomina
743 3711 872 3779 basibus
905 3712 1166 3788 inscriberentur;
1199 3711 1272 3779 inde
1302 3705 1441 3779 Cresilae
1477 3698 1482 3718 ’

217 3821 330 3888 titvdus
354 3823 403 3903 16,
426 3822 592 3890 Praxitelis
614 3823 667 3905 30,
688 3823 856 3892 Leocharis
878 3829 910 3891 et
933 3823 1115 3892 Sthennidis
1137 3824 1189 3906 31,
1212 3823 1262 3888 32.

226 3979 426 3990 *ιη-ιιι-

287 4065 298 4103 ¹
313 4063 345 4116 de
361 4062 402 4116 hir
420 4063 559 4132 disputavit
575 4062 604 4115 L.
622 4062 753 4117 Prellerus
770 4065 797 4117 in
815 4064 880 4118 libro
898 4081 957 4134 qno,
975 4064 1120 4118 Polemonis
1138 4065 1281 4136 periegetas
1298 4066 1442 4135 fragmenta

216 4149 375 4203 continentur
391 4151 426 4218 (p.
442 4153 487 4206 161
507 4150 575 4219 sqq.)
592 4149 624 4206 ai.
644 4151 749 4205 Lobeclr
766 4152 936 4220 Aglaopham.
954 4153 1103 4221 pue-³1.
1138 4152 1212 4217 Quod
1235 4151 1326 4220 conjici
1349 4153 1441 4219 potuit,

217 4243 335 4304 uegetas
359 4245 387 4289 nt
409 4236 435 4288 in
458 4235 552 4289 tabulis
577 4237 723 4290 edomandis
747 4246 775 4291 st
797 4239 924 4307 fingendis
946 4239 1050 4309 ingenis
1073 4257 1120 4292 sna
1143 4241 1220 4292 nimir
1244 4239 1344 4292 curiosa
1366 4255 1439 4290 axor-

218 4324 338 4386 euissent,
355 4323 392 4375 ita
410 4340 489 4392 opera
506 4341 661 4377 summorum
680 4325 803 4378 auidum
821 4326 966 4378 nominibus
977 4326 1101 4379 immerito
1114 4327 1215 4393 saepius
1228 4339 1339 4388 ornasse,
1357 4323 1438 4376 rarius

216 4413 297 4466 inim
314 4411 422 4463 ridetur.
457 4409 596 4462 Pausanias
614 4411 681 4464 anim
698 4411 768 4464 haud
785 4427 880 4480 paucos
897 4412 1007 4466 artifices
1025 4411 1125 4476 attulit,
1145 4429 1207 4480 quor
1224 4411 1297 4466 valde
1314 4409 1440 4479 ignobiles

216 4499 295 4551 iuius
312 4495 442 4565 probabile
460 4501 499 4548 est
516 4495 561 4562 (ct.
574 4495 607 4559 V,
627 4498 669 4565 23,
688 4497 714 4560 5,
733 4497 777 4560 VI,
797 4499 838 4560 14,
855 4499 872 4554 8
889 4516 912 4554 v.
931 4517 956 4568 p.
968 4500 1021 4565 44).

287 4585 475 4651 iexegetarum
493 4580 603 4635 familiae
620 4583 729 4646 tinemut,
748 4584 792 4650 qni
804 4584 849 4652 jus
867 4601 962 4638 sacrum
981 4586 1209 4654 interpretabantur
1220 4584 1248 4638 (i.
1259 4585 1288 4638 lt
1302 4585 1439 4638 Hermann.

220 4669 411 4724 (lotteedienstl.
429 4668 584 4722 Alterthitm.
604 4667 656 4737 §l,
679 4669 717 4724 12.
746 4669 855 4724 Phidiae
871 4688 936 4741 gans
954 4670 1119 4740 Phaedyntae
1136 4673 1213 4724 Pana.
1224 4672 1258 4736 V,
1279 4671 1318 4735 14,
1335 4671 1361 4726 5.

286 4755 350 4808 vica
366 4753 491 4818 Romani,
516 4755 616 4808 cumei
632 4754 772 4809 volnissent
788 4759 824 4825 (v.
844 4775 868 4826 p.
882 4761 915 4816 10
932 4757 997 4828 etp),
1020 4761 1110 4813 statuis
1127 4761 1208 4829 raptis
1226 4757 1375 4828 saepissime
1392 4773 1439 4812 au·

218 4852 314 4898 aarum
331 4844 434 4898 nomina
450 4843 606 4896 remansere
624 4861 675 4897 non
691 4845 841 4913 potuissent.
