3586 5520
468 1041 525 1108 DE
548 1041 850 1124 MARMORARIIS,
874 1043 1124 1121 terminus,
1147 1045 1346 1114 AERARIIS
1369 1045 1583 1115 BREVITER

905 1181 1157 1250 EXPONITUR

501 1379 651 1446 Veterum
672 1378 827 1447 artificum
848 1383 1022 1465 prouincias
1044 1402 1106 1449 non
1121 1387 1185 1448 tam
1200 1385 1287 1449 arcte
1298 1401 1368 1450 esse
1383 1383 1639 1467 circumscriptas

416 1509 510 1574 quam
531 1499 671 1559 nostrum
695 1495 772 1560 satis
794 1498 930 1562 constet:
956 1495 1002 1560 ita
1025 1495 1078 1577 qui
1101 1493 1311 1562 Erechtheum
1334 1494 1430 1580 signis
1452 1485 1639 1562 marmoreis

415 1611 606 1670 ornaverunt
627 1604 836 1685 Antiphanes,
864 1606 1010 1686 Pramus,
1040 1606 1135 1673 ianus
1157 1607 1197 1672 ab
1219 1607 1364 1689 operibus
1386 1607 1513 1674 minoris
1537 1607 1639 1690 digni·

418 1714 495 1781 tatis
519 1715 685 1784 efficiendis
708 1735 769 1782 non
784 1719 1003 1786 abstinuerunt
1017 1719 1059 1802 (v.
1073 1718 1141 1785 Β.2
1164 1737 1194 1801 p.
1212 1719 1296 1801 156),
1318 1723 1351 1785 et
1365 1717 1494 1785 Luciani
1508 1718 1639 1799 quidem

416 1827 587 1893 avunculus
609 1846 671 1894 non
695 1828 794 1894 solum
817 1830 1014 1915 ἑρμογλύφος
1034 1830 1107 1910 fuit,
1137 1832 1191 1898 sed
1214 1832 1307 1896 etiarn
1330 1827 1424 1893 lirina
1447 1829 1583 1916 ἐργάτης
1604 1839 1639 1896 et

416 1940 634 2028 συνορμοοτής
662 1941 773 2024 (somn.
795 1940 840 2023 4).
850 1941 873 2024 ¹)
921 1941 1013 2008 Unde
1038 1939 1155 2008 iactum
1184 1947 1246 2020 est,
1276 1946 1313 2006 ut
1343 1943 1470 2008 nomine
1498 1959 1637 2024 quoque,

415 2049 528 2133 quibus
559 2049 696 2117 artifices
728 2049 1000 2133 significabantur,
1033 2052 1183 2118 latissime
1210 2052 1420 2135 pertinerent,
1447 2053 1638 2135 praesertim

414 2178 485 2226 cnm
510 2159 634 2226 illorum
663 2162 822 2228 nominum
851 2163 986 2246 plurima
1011 2171 1117 2230 essent
1138 2164 1299 2244 universa,
1328 2162 1443 2246 qnippe
1464 2180 1545 2244 quae
1567 2163 1637 2230 sive

414 2271 579 2337 amaleria
594 2269 759 2354 (λιθοξόος,
782 2271 960 2358 λιθουργός,
971 2276 1182 2366 χαλκοῦργος;
1203 2275 1435 2354 marmorariuS,
1450 2273 1636 2357 lapidarius

414 2381 570 2465 aerarius)
593 2383 659 2449 sive
679 2384 833 2450 aratione
848 2383 983 2463 fingendi
1000 2385 1166 2472 (nidmu
1189 2385 1336 2467 sculptor,
1357 2383 1552 2468 ilatnrarius)
1567 2385 1637 2451 sive

414 2492 453 2558 ab
475 2495 627 2574 operibus
651 2493 731 2560 fictis
746 2496 887 2578 -quod
909 2495 994 2578 apud
1009 2495 1165 2561 Romanos
1187 2496 1289 2562 minus
1312 2502 1344 2562 et
1365 2497 1466 2562 aerius
1481 2497 1636 2562 usitatum

412 2603 747 2690 -ἀνδριαντοποιὸς,
777 2605 1043 2690 ἀγαλματοποιός,
1071 2607 1261 2685 statuariuS,
1289 2606 1460 2688 signarius)
1483 2607 1636 2689 originem

413 2714 571 2780 ducerent.
606 2716 716 2800 Neque
737 2735 809 2783 raro
831 2718 870 2782 iis
893 2723 1024 2797 tentum,
1051 2736 1131 2801 quae
1153 2719 1319 2800 conjuncta
1340 2725 1414 2784 sunt
1435 2719 1552 2798 vertis,
1579 2719 1636 2801 qui

413 2825 514 2907 opiter
536 2825 756 2911 intelligendus
779 2828 829 2908 sit,
852 2825 1030 2894 declaretur
1053 2828 1164 2910 (1.12,
1187 2827 1252 2910 34).

498 2937 585 3017 Quae
616 2957 685 3004 cum
714 2940 759 3004 ita
784 2941 862 3020 sint,
892 2957 971 3023 qnos
993 2941 1025 3004 in
1045 2939 1145 3005 titulis
1168 2940 1377 3006 Romanorum
1400 2941 1511 3008 votivis
1534 2941 1579 3025 (3,
1603 2943 1634 3020 5,

414 3051 442 3130 6,
465 3050 494 3130 9,
520 3051 714 3130 11,16,17,
739 3053 788 3131 19,
810 3052 861 3130 21,
884 3052 934 3132 23,
958 3051 1030 3134 36),
1059 3049 1282 3134 sepulcralibus
1313 3053 1356 3136 (2,
1377 3054 1407 3132 4,
1432 3051 1481 3128 10,
1506 3051 1555 3134 12,
1582 3053 1633 3130 14,

413 3158 463 3240 20,
486 3161 537 3241 22,
559 3161 610 3237 26,
633 3161 750 3242 29-35,
773 3161 908 3246 37-40),
927 3163 995 3229 aliis
1012 3162 1183 3244 reperimus
1200 3163 1429 3242 marmorarios,
1452 3162 1634 3246 lapidarius,

413 3271 571 3353 aerarios,
601 3272 679 3339 alios
705 3273 858 3340 oblivione
887 3275 976 3341 obrui
1004 3274 1174 3351 noluimus,
1201 3295 1271 3342 cum
1293 3276 1325 3339 in
1348 3275 1386 3340 iis
1409 3293 1479 3340 esse
1500 3273 1632 3357 possint,

413 3397 491 3461 quos
512 3383 607 3449 etiam
629 3401 686 3451 nos
709 3384 844 3452 artifices
868 3385 972 3452 dicere
994 3385 1168 3452 dubitaturi
1189 3407 1251 3453 non
1273 3405 1421 3454 essemus.

497 3498 542 3564 nc
556 3498 769 3562 marmorarii
781 3499 905 3581 quidem
921 3499 951 3562 in
968 3499 1146 3565 universum
1161 3499 1183 3564 ii
1198 3498 1334 3576 luerunt,
1349 3499 1402 3582 qui
1418 3516 1512 3580 opera
1527 3499 1633 3580 cujus·

413 3608 460 3673 vis
481 3608 604 3688 generis
620 3629 656 3676 ex
672 3627 826 3675 marmore
841 3609 1006 3676 creabant:
1028 3610 1136 3676 titulos
1150 3609 1372 3694 scribebant⁸),
1394 3606 1535 3676 aedificia
1548 3625 1633 3674 mar·

412 3718 550 3786 moribus
565 3719 761 3802 omabnntl),
775 3721 953 3804 pavimenta
967 3721 1159 3822 sternebant
1166 3721 1193 3804 ⁴)
1227 3720 1289 3787 Sed
1305 3720 1523 3787 marmorarios
1534 3720 1633 3785 etiam

479 3980 516 4045 11)
535 3987 638 4032 eatenus
648 3996 733 4032 rarum
742 3985 790 4042 cat,
802 3981 870 4048 qnod
881 3981 998 4034 nonnulli
1010 3987 1168 4049 negaverunt
1178 3979 1246 4032 inter
1258 3980 1370 4032 utifiaen
1380 3983 1405 4030 et
1416 3977 1517 4046 opilione
1529 3983 1630 4030 vanarn

412 4064 494 4118 ullum
511 4064 589 4118 inissa
607 4065 748 4117 discrimen.

492 4151 515 4220 ¹)
534 4150 613 4204 Orelli
631 4151 714 4207 4223ι
732 4151 763 4204 D.
777 4151 815 4203 11.
833 4151 925 4204 titulos
943 4151 1090 4206 scribendos
1108 4150 1148 4203 rel
1166 4151 1188 4202 ai
1205 4150 1269 4218 quid
1286 4151 1370 4218 operis
1389 4149 1546 4201 marmorarii
1564 4164 1630 4216 opus

412 4239 487 4291 inerit
507 4238 551 4290 irio
574 4237 667 4296 hubam
692 4237 723 4290 de
747 4255 796 4304 quo
818 4237 892 4289 titulo
915 4253 939 4290 r.
960 4236 1078 4290 Osann.
1108 4234 1164 4288 Ber.
1190 4236 1215 4288 d.
1238 4236 1322 4288 aicha.
1337 4235 1395 4287 Ges.
1419 4232 1567 4301 nna-phil.
1591 4232 1630 4285 01.

414 4325 487 4380 1861.
504 4343 529 4392 p.
548 4325 606 4394 298.

492 4411 516 4477 ³)
533 4427 558 4464 n.
577 4411 617 4465 12.
636 4427 659 4462 r.
675 4409 752 4462 edict.
770 4408 851 4462 Diool.
871 4425 923 4476 cap.
936 4407 993 4459 VII.
1011 4407 1081 4465 ded.
1099 4409 1250 4462 Mommsen.
1273 4378 1337 4458 'Bam
1355 4405 1380 4458 d.
1397 4405 1549 4458 aicha-'Gen
1562 4405 1626 4461 1851

411 4515 436 4564 p.
451 4499 482 4552 17
500 4495 533 4549 ei.
551 4513 575 4563 p·
587 4497 622 4552 54
636 4505 665 4548 et
681 4515 707 4564 p.
720 4496 761 4552 85.
778 4511 799 4550 ε.
810 4512 832 4547 r.
850 4493 978 4547 Banabela

493 4581 516 4648 ⁴)
534 4580 564 4634 0.
577 4579 654 4634 lanu.
690 4578 906 4648 Wundgemnelde
929 4578 973 4631 dan
992 4577 1194 4630 Oolnmbuinma
1217 4576 1243 4627 in
1261 4575 1306 4628 dar
1323 4573 1394 4627 Villa
1410 4575 1512 4628 Pamllli
1529 4577 1563 4628 in·
1576 4578 1627 4629 Ab·

410 4670 573 4736 hundlnngon
591 4669 616 4720 d.
634 4667 737 4719 Illiuch.
757 4667 835 4720 dead.
854 4663 1048 4735 philon-philol.
1068 4663 1106 4718 cl.
1120 4663 1180 4716 VIII
1197 4662 1287 4730 (1858)
1304 4679 1329 4730 p.
1342 4661 1392 4718 235
1409 4671 1460 4716 not.
1478 4689 1509 4734 .‘
1527 4661 1551 4714 J.
1563 4662 1627 4714 IInn

411 4757 510 4824 quardt.
545 4754 618 4808 Bam.
639 4753 746 4805 Altertlr.
759 4751 819 4814 V,i
836 4769 861 4819 p.
874 4753 925 4807 228
936 4769 966 4806 n.
985 4751 1059 4807 2052.
