3586 5520
817 522 1046 586 -166-

404 711 577 796 Agrigento
599 729 702 778 nonne
724 746 823 756 -—
846 711 969 794 signum
993 708 1142 792 Apollinis
1165 708 1424 792 pulcherrimum,
1450 708 1542 790 euius

321 823 352 888 in
375 822 491 890 femore
512 823 626 888 litteris
648 822 775 888 minutIs
798 822 954 904 argenteis
976 837 1088 888 nomen
1102 819 1245 906 Myronis
1260 826 1329 888 erut
1345 819 1540 903 inscriptum,

321 953 358 1001 ex
380 933 558 1016 Aesculapii
580 931 813 1016 religiosissimo
836 933 907 999 luno
930 931 1106 998 sustulisti?

351 1099 380 1156 ⁴
906 1129 955 1192 ιο.

402 1216 536 1282 Pausan.
553 1216 590 1295 V,
615 1214 664 1296 10,
687 1215 724 1278 2:

404 1325 527 1390 Φειδίαν
551 1325 587 1390 δέ
610 1327 661 1390 τὸν
684 1325 900 1412 ἐργασάμενον
924 1325 957 1389 τδ
980 1287 1102 1410 ἄγαλμα
1118 1325 1219 1408 (Iovis
1236 1325 1383 1409 Olympii)
1401 1323 1475 1389 εἶναι
1491 1327 1543 1388 καὶ

319 1436 498 1524 ἐπίγραμμά
519 1436 600 1501 ἐστιν
623 1435 658 1507 ἐς
675 1437 850 1523 μαρτυρίαν
873 1437 932 1500 ὑπὸ
955 1439 1008 1500 τοῦ
1030 1436 1100 1507 Διὸς
1121 1437 1347 1526 γεγραμμένον
1371 1441 1435 1507 τοῖς
1464 1435 1538 1500 ποσί

513 1544 674 1618 Φειδίας
695 1545 854 1634 Χαρμίδου
878 1549 944 1619 υίδς
963 1545 1121 1638 ’Λδγναῖος
1139 1548 1177 1634 μ’
1200 1548 1336 1638 ἐποίησε.

892 1735 967 1803 128.

403 1821 531 1889 Lucian.
553 1822 666 1908 imagg.
683 1822 713 1887 4.

323 1911 325 1914 Ι
404 1934 541 2006 Λυκῖνος.
776 1939 836 2000 τῶν
860 1934 896 1998 δὲ
912 1933 1033 2000 Φειδίου
1057 1933 1158 2022 ἔργων
1174 1935 1202 2000 τί
1211 1935 1346 2020 μάλιστα
1361 1929 1521 2022 ἐπῄνεσας
1526 1956 1541 2017 ,·

320 2044 547 2134 Πολύστρατος.
572 2047 601 2112 τί
612 2047 646 2110 δ’
662 2047 735 2112 ἄλλο
751 2047 770 2136 ἢ
786 2049 839 2137 τὴν
856 2047 1000 2136 Λημνίαν,
1023 2044 1044 2136 ᾗ
1059 2049 1107 2112 καί
1121 2047 1289 2134 ἐπιγράψαι
1305 2044 1437 2133 τοῦνομα
1453 2045 1538 2111 Φει-

318 2156 405 2230 δίας
419 2158 550 2247 ἠξίωσεγ
573 2161 621 2223 καί
635 2160 671 2248 νὴ
687 2159 742 2224 Δία
758 2161 811 2248 τὴν
822 2157 971 2246 ’Λμαξιίνα
986 2163 1039 2249 τὴν
1055 2157 1295 2247 ἐπερειδομένην
1319 2158 1368 2246 τῷ
1390 2159 1538 2246 δορατίῳ.

891 2351 968 2418 iub.

292 2515 294 2524 .
404 2461 534 2543 Procop.
559 2461 598 2528 du
620 2459 709 2548 bullo³
724 2458 817 2528 Goth.
833 2462 889 2543 IV,
911 2463 968 2528 21:

401 2572 534 2656 [Romae
556 2550 588 2638 in
610 2570 678 2640 foro
694 2574 798 2659 Pacis]
818 2573 899 2657 βοῦς
913 2575 1048 2663 χαλκοῦς
1064 2571 1183 2665 ἐστιγκε,
1208 2573 1343 2650 Φειδίου,
1368 2575 1461 2660 οἶμαι,
1485 2577 1541 2638 τοῦ

316 2681 475 2773 ’Λδκγναίου
497 2684 517 2773 ἢ
539 2684 698 2750 Λυσίππου
721 2682 822 2772 ἔργον.
863 2686 1024 2772 ἀγάλματα
1046 2689 1107 2773 γὰρ
1130 2687 1163 2752 ἐν
1183 2687 1285 2777 γάρῳ
1313 2686 1412 2773 τούτῳ
1444 2685 1543 2750 πολλὰ

321 2793 438 2860 τούτοιν
460 2795 499 2885 δὴ
522 2799 585 2860 τοῖν
606 2795 734 2882 ιίνδροῖν
756 2799 912 2887 ποιήματά
940 2801 1024 2864 τίσιν.
1055 2801 1092 2866 οῦ
1121 2801 1160 2891 δὴ
1188 2803 1236 2865 καί
1259 2798 1418 2866 Φειδίου
1446 2797 1542 2885 ἔργον

323 2905 441 2994 ἕτερον,
465 2911 554 2972 τοῦτο
577 2908 637 2994 γὰρ
658 2908 740 2991 λέγει
762 2909 799 3006 τά
821 2908 854 2972 ἐν
877 2917 924 2998 τῷ
945 2911 1098 2997 ἀγάλματι
1119 2915 1296 3000 γράμματα.

896 3081 960 3168 [13.

407 3189 531 3258 Anthou
554 3191 655 3258 Palas.
672 3193 726 3274 lx,
750 3193 827 3260 743:
853 3193 1049 3282 θεοδωρίδα·
1072 3197 1119 3281 (ΙΙ
1140 3216 1168 3263 u.
1193 3196 1265 3264 chr.
1289 3196 1364 3280 see.)

466 3303 618 3368 θεσσαλαί
641 3306 671 3367 αλ
691 3303 770 3388 βόες
791 3306 874 3370 αἵδε·
897 3307 982 3395 παρὰ
1005 3305 1190 3396 προίίῦροισι
1211 3307 1245 3373 δ’
1269 3305 1398 3380 ’Λδάνας

639 3418 772 3492 ἑστᾶσιν,
796 3419 888 3482 καλὸν
910 3418 1026 3506 δῶρον,
1045 3415 1235 3491 'limpidior

511 3523 605 3594 πᾶσαι
621 3531 761 3620 χάλκειοι
783 3530 967 3596 δυοκαίδεκα
991 3529 1226 3620 Φράδμονος
1246 3531 1349 3620 ἔργον,

580 3643 627 3704 καί
650 3645 743 3706 πῦσαι
764 3647 888 3726 γυμνῶν
911 3644 1021 3708 σκῦλον
1043 3643 1100 3708 ἀπ’
1120 3641 1279 3732 Ἰλλυρίων.

322 3750 488 3818 Benndorf.
511 3753 531 3818 l.
554 3752 574 3817 l.
598 3771 627 3834 p.
644 3753 683 3817 41
711 3755 920 3838 »epigramma
942 3756 968 3820 si
993 3775 1062 3821 eum
1085 3755 1312 3823 Phradmonem
1334 3756 1425 3838 dicit,
1447 3777 1545 3840 quum

321 3860 441 3928 Plinius
463 3864 521 3930 sub
544 3864 583 3930 ol.
600 3861 641 3928 90
663 3865 760 3949 ponit,
783 3864 1061 3933 demonstrativum
1086 3872 1142 3948 est,
1167 3868 1214 3932 sin
1235 3868 1330 3934 alium
1351 3868 1439 3935 nobis
1454 3869 1545 3952 igno-

321 3980 388 4039 tum
410 3973 637 4056 Phradmonen,
659 3995 733 4043 veru
755 3977 917 4061 inscriptio
939 3995 1008 4045 esse
1029 3979 1177 4064 potuit.‹]

769 4175 1091 4260 mufflnst

406 4275 530 4343 Anthol.
554 4276 652 4343 Palut.
668 4278 757 4359 XIII,
781 4279 829 4344 13.
849 4304 875 4374 ρ

522 4387 615 4452 Τάνδε
636 4387 745 4478 Πυρῆς
766 4369 900 4478 inluuie
921 4389 1142 4483 Πολυμνήστου
1164 4392 1254 4480 φίλος
1275 4395 1338 4466 υίὸς

592 4500 914 4634 εῦξάμενοςρεήψν
936 4502 1073 4570 Παλλάδι
1100 4506 1279 4592 Τριτογενεῖ.

649 4613 850 4686 ίίοδιυνιατας
872 4615 1027 4703 Ιίρησίλας
1048 4611 1213 4702 είργάξατο

324 4741 351 4786 v.
368 4723 397 4788 3.
431 4723 586 4812 Kppollac
608 4726 740 4792 Meinek.
764 4728 872 4796 delent.
895 4733 977 4810 pout.
1005 4729 1120 4795 anthol.
1144 4748 1174 4812 p.
1191 4729 1262 4795 239.
1294 4730 1386 4812 vulgo
1402 4727 1543 4814 Κρισίας.
