3608 5528
869 537 1080 598 -16-

366 725 465 792 solum
492 724 608 794 indicio
637 723 765 807 sprevit.
820 722 882 790 Sed
911 723 942 789 in
973 721 1152 789 universum
1183 725 1269 790 certe
1297 721 1444 789 affirmari
1471 725 1588 805 potest,

364 835 583 918 inscriptiones
605 838 730 901 tentum
753 834 822 917 peri
845 833 937 900 modo
960 833 1157 917 compositos,
1180 832 1254 899 dum
1275 833 1452 901 litterarum
1468 831 1588 900 formae

247 979 250 994 ‹
364 947 561 1030 permittunt,
584 947 657 1014 onie
678 946 821 1028 idemque
842 943 955 1012 artifici
975 964 996 1012 o
1016 945 1125 1012 nobis
1145 961 1214 1014 esse
1235 944 1417 1012 mouentes
1432 943 1484 1030 (ci.
1502 961 1532 1026 p.
1547 945 1587 1012 15

363 1057 443 1142 not.)
450 1060 471 1122 ¹.
505 1059 593 1126 Idem
608 1063 715 1132 eutem
738 1054 851 1126 cudere
871 1056 997 1124 ridetur
1017 1056 1050 1123 in
1067 1074 1213 1124 vesonum
1227 1054 1369 1152 fictitium
1384 1054 1587 1138 coniectores,

365 1169 539 1251 exquibus,
559 1176 596 1239 ut
610 1189 673 1252 eos,
694 1170 749 1254 qui
765 1169 839 1238 solis
853 1169 1029 1238 nominibus
1045 1170 1094 1236 usi
1109 1176 1192 1247 sunt,
1214 1169 1406 1249 omittemus,
1422 1167 1588 1236 Eucherus

364 1299 400 1348 se
420 1281 576 1365 Ergotimi
599 1281 699 1350 flium
721 1301 792 1352 esse
813 1289 863 1352 ter
884 1283 1043 1368 protessus
1065 1288 1124 1366 est,
1145 1283 1259 1352 Tleson
1280 1300 1316 1350 se
1332 1279 1468 1349 Nearchi
1488 1279 1588 1348 tilium

364 1412 433 1464 esse
454 1395 560 1462 tricies
581 1393 656 1464 iere.

450 1508 555 1592 Atque
575 1508 653 1578 haec
674 1507 800 1593 quidem
823 1507 863 1577 de
883 1507 1038 1578 uniuersis
1060 1485 1322 1592 inscriptionibus.

530 2010 590 2100 DE
617 2007 958 2142 INSCRIPTIONUM
985 2007 1210 2102 onnuoos
1239 2008 1416 2134 polion

940 2229 958 2314 5
981 2229 1010 2292 n.

452 2401 694 2486 inscriptionum
728 2399 809 2467 eliae
837 2400 979 2467 versibus
1007 2400 1087 2468 siae
1116 2401 1219 2468 solute
1247 2401 1387 2469 cretione
1421 2419 1589 2485 expressae

366 2518 448 2594 sunt,
471 2517 566 2597 atque
587 2513 721 2596 primum
743 2510 870 2596 quidem

692 2648 896 2716 decessibus
919 2648 1076 2732 inscriptis
1099 2649 1255 2730 dicemus;

366 2766 440 2828 sunt
461 2779 535 2828 vero
557 2761 604 2827 hi:
722 2785 725 2794 ·

454 2899 482 2962 1.
507 2899 563 2960 παῖ
580 2897 651 2968 Διὸς
671 2897 732 2963 κτλ.
756 2898 803 2982 (1)
941 2985 944 2992 ’
985 2917 1011 2966 c.
1035 2897 1083 2964 Ol.
1107 2898 1148 2963 50

452 3008 481 3071 2.
505 3008 643 3090 Bupalus
665 3014 698 3076 et
720 3007 851 3075 Athenis
879 3009 952 3092 (scr.
978 3007 1009 3091 1)
1033 3006 1081 3073 01.
1105 3008 1155 3073 60.

452 3116 481 3182 3.
505 3121 559 3183 τοῦ
581 3118 699 3212 Παρίοο
722 3121 782 3184 κτλ.
806 3121 852 3204 (5)

451 3232 482 3295 4.
506 3229 598 3319 ἔργον
617 3229 841 3320 Ἀριστοκλέους
862 3233 909 3317 (8)

453 3343 482 3407 5.
500 3338 655 3432 Ἀλξήνωρ
678 3343 746 3429 (12)

452 3455 481 3517 6.
499 3449 716 3542 Ἱπόατρατοςλ
737 3455 805 3540 (13)

454 3567 483 3631 7.
497 3563 636 3639 Ἔνδοιος
657 3571 729 3654 (scr.
752 3569 787 3652 4)
870 3630 874 3637 .

453 3678 483 3742 8.
506 3677 674 3766 Εὐτελίδας
694 3678 744 3744 καί
765 3675 965 3766 Χρυσόθεμις
986 3679 1059 3762 (sor.
1083 3679 1117 3763 3)
1233 3691 1306 3753 ante
1328 3685 1367 3752 ol.
1391 3685 1442 3750 80.

453 3790 482 3854 9.
502 3786 627 3862 Ὀνάτας
648 3793 755 3876 (sont
779 3790 861 3875 sqq.)

456 3899 505 3964 10.
530 3899 657 3966 Κάλλων
679 3904 752 3986 (scr.
775 3903 808 3986 5)

455 4013 504 4075 11.
528 4010 676 4083 Κλεοίτας
696 4014 766 4098 (sor.
791 4013 844 4096 10)

455 4123 504 4187 12.
523 4119 695 4211 Ἀρκεσίλας
718 4126 791 4209 (scr.
814 4124 847 4208 8)

456 4233 505 4298 13.
525 4229 730 4322 Ἀναξαγόρας
755 4237 826 4319 (scr.
851 4236 884 4318 6)

437 4493 597 4548 llisbobsnt
614 4493 691 4564 igitur
710 4494 799 4548 cneci
817 4494 925 4546 srtificss
943 4493 1069 4548 communi
1086 4493 1113 4546 in
1131 4512 1193 4558 usn,
1217 4497 1285 4562 quod
1307 4514 1353 4550 nos
1375 4498 1492 4553 dicimus:
1517 4499 1590 4564 „sino

368 4579 475 4632 iirmsu‘⁴
511 4579 569 4632 Jem
587 4581 672 4643 vides,
697 4597 741 4633 our
758 4587 855 4632 tsntnm
871 4588 956 4632 nostre
974 4579 1127 4643 interfuerit,
1145 4581 1250 4649 probsre
1267 4584 1306 4650 (p.
1319 4584 1358 4648 t),
1375 4582 1525 4638 Percennium
1542 4603 1588 4654 pe-

368 4667 475 4720 culiares
493 4666 683 4735 inscriptionum
702 4666 795 4720 formu
809 4683 858 4718 non
872 4665 1014 4730 retinuisse,
1032 4666 1122 4734 quodsi
1134 4666 1241 4731 iuducet,
1260 4675 1345 4722 contrs
1356 4671 1503 4724 sententium
1515 4673 1590 4726 mocio

370 4771 385 4804 s
403 4754 476 4805 nobis
494 4753 647 4821 propositam
664 4769 738 4819 quum
756 4752 973 4805 vehementissime
990 4761 1112 4820 pugnsret
1128 4752 1169 4820 (oi.
1189 4771 1214 4821 p.
1226 4755 1258 4808 21
1279 4755 1341 4820 not.)
