3608 5528
775 559 962 621 ..7..

264 745 418 812 artificum
448 745 573 811 nomina
600 745 761 813 tradenda.
811 747 892 812 Eum
921 747 1001 814 enim
1015 767 1017 772 ·
1031 747 1249 830 inscriptiones
1277 747 1402 814 omnino
1430 766 1483 813 ne

264 855 399 940 glexisse
420 855 545 921 minimo
566 855 726 940 probabile
748 861 812 923 est:
835 857 907 924 inde
929 857 1025 940 igitur
1039 857 1094 937 VI,
1118 859 1147 938 9,
1170 859 1205 932 15
1230 857 1314 938 10,9
1337 854 1484 946 Hrolpoc

265 965 407 1056 ἐποίησεν
423 966 593 1055 Αἰγινήτης,
616 972 648 1035 et
662 967 716 1045 VI,
739 969 769 1050 9,
792 967 827 1044 5;
850 969 879 1048 9,
902 970 939 1048 9;
963 969 1012 1049 10,
1035 968 1143 1050 3311,
1166 965 1351 1038 {illisaciae
1371 974 1483 1051 quater

266 1077 423 1165 Αἰγινήτης
444 1078 630 1144 nominatur.
676 1076 722 1144 Gi.
744 1078 838 1144 etiam
860 1078 953 1160 adl,
977 1079 1033 1162 28,
1057 1079 1152 1146 aubi
1176 1096 1424 1146 currusaeneus
1449 1079 1483 1145 in

264 1187 499 1256 Atheniensium
528 1206 601 1254 arce
630 1187 792 1256 dedicatus
819 1187 963 1270 affertur,
999 1189 1190 1273 epigramma
1219 1190 1303 1274 apud
1331 1190 1480 1258 Herodot.

266 1300 302 1381 V,
325 1301 375 1364 77.
397 1298 439 1364 ad
461 1298 524 1374 III,
547 1299 597 1381 21,
623 1301 638 1366 1
668 1299 793 1366 Antbol.
816 1297 870 1364 Gr.
893 1300 958 1365 Pal.
982 1299 1076 1381 XIII,
1100 1300 1150 1364 14.
1180 1297 1220 1366 ad
1244 1299 1302 1381 VI,
1321 1301 1375 1392 ι15,
1398 1301 1480 1367 3-5

265 1411 304 1478 de
325 1409 517 1477 Clitomacho
540 1409 757 1494 Olympionica
774 1409 898 1476 Anthol.
914 1409 981 1477 Pal.
1005 1411 1059 1492 IX,
1083 1411 1156 1492 588,
1177 1412 1291 1496 quibus
1312 1412 1387 1480 locIs
1402 1412 1482 1479 Pau·
1518 1487 1520 1492 ,

264 1523 367 1590 sanias
384 1502 531 1590 nonnulla
545 1541 582 1590 ex
598 1522 852 1606 inscriptionibus
867 1522 1012 1590 hausisse
1026 1522 1159 1590 ridetur.
1199 1522 1359 1592 Artificum
1375 1529 1481 1592 numm

265 1634 372 1701 titulos
395 1634 522 1717 saepius
544 1634 583 1701 ab
605 1652 642 1700 eo
664 1634 732 1718 ipso
755 1633 804 1700 vel
825 1635 865 1702 ab
887 1635 940 1717 iis,
961 1636 1075 1718 quibus
1097 1655 1156 1702 sna
1177 1636 1301 1712 debuit,
1324 1636 1480 1717 consultos

264 1765 342 1827 esse,
366 1747 460 1813 etiam
482 1745 597 1812 clarius
619 1745 783 1830 apparebIt
803 1746 835 1812 in
852 1765 895 1814 aa
917 1753 1016 1829 parte,
1039 1764 1120 1829 quae
1143 1751 1192 1814 est
1214 1748 1253 1814 de
1274 1747 1417 1830 patribus
1431 1766 1480 1814 ar·

264 1859 381 1927 tticum
403 1859 576 1944 inscriptis,
599 1859 653 1927 ubi
676 1860 873 1950 concordIam
895 1859 978 1927 inter
999 1859 1215 1945 inscriptiones
1239 1864 1272 1926 et
1293 1861 1479 1928 Pausaniam

264 1989 417 2038 summam
440 1989 509 2038 esse
539 1969 721 2038 videbimus.
766 1971 943 2038 Peculiares
970 1977 1076 2038 autem
1103 1971 1337 2056 inscriptIonum
1364 1970 1479 2040 formas

264 2083 436 2150 Pausanias
461 2083 620 2150 rarissime
642 2083 782 2163 retinuit,
805 2083 859 2164 qni
880 2083 1038 2168 inscripta,
1061 2082 1102 2151 ab
1124 2083 1262 2167 erogetis
1282 2090 1419 2168 accepta,
1441 2105 1479 2153 er

261 2194 348 2262 librir
370 2199 475 2264 sumta
496 2193 536 2262 de
557 2193 730 2262 artificibus
753 2195 820 2280 ipse
841 2200 910 2262 arte
932 2195 1099 2278 conjunxit.
1336 2180 1339 2190 ’
1485 2253 1489 2259 .

347 2306 432 2376 llaec
452 2309 558 2374 autem
581 2306 760 2374 dictasunt
782 2309 821 2374 de
842 2305 998 2388 fontibus,
1021 2307 1119 2389 unde,
1141 2328 1222 2394 quae
1246 2309 1285 2378 de
1306 2310 1477 2379 amiticibus

262 2418 400 2500 tradidit,
423 2419 595 2488 Pausanias
616 2419 736 2496 nausia
761 2420 800 2486 de
822 2418 936 2500 quibus
958 2419 1135 2487 accuratius
1158 2420 1381 2506 dIsputandum
1400 2429 1479 2507 erat,
1572 2441 1575 2446 ·

261 2537 419 2616 utquam
449 2533 601 2604 rationem
631 2533 868 2616 inscriptionum
898 2533 1052 2602 artificum
1081 2532 1133 2602 ille
1161 2535 1337 2612 habuisset,
1367 2555 1504 2630 cogno-J

261 2661 427 2712 sceremus.

347 2755 466 2836 Quibus
488 2756 636 2839 expositis
658 2757 793 2840 expediti
822 2757 1043 2842 aggrediamur
1070 2757 1111 2825 ad
1139 2756 1370 2842 inscriptiones,
1397 2779 1478 2843 quaa

260 2872 458 2951 manserunt,
481 2871 513 2934 et
533 2869 668 2952 primum
690 2869 817 2952 quidem
838 2869 945 2938 orbem
967 2869 1074 2954 quasi,
1101 2887 1163 2953 quo
1185 2869 1257 2938 illae
1279 2871 1497 2940 continentur

261 2979 481 3050 describamus.
525 2981 621 3048 lituli
647 2985 768 3064 autem,
795 3000 874 3065 quos
902 2981 1068 3064 habemus,
1097 3001 1159 3049 non
1187 2982 1314 3051 consibo
1341 2985 1476 3066 quodam

260 3091 367 3175 alecti,
396 3093 452 3160 sed
473 3111 548 3162 casu
574 3094 704 3163 fortuito
733 3113 771 3163 er
798 3095 940 3180 plurimis
967 3095 1054 3176 aliis,
1082 3095 1137 3178 qui
1163 3094 1297 3164 fortasse
1324 3097 1476 3180 masiorir

261 3209 353 3272 erant
374 3206 524 3284 momenti
542 3207 600 3275 soli
621 3211 757 3275 aetatem
785 3208 941 3288 tulerunt;
968 3207 1022 3291 qui
1049 3225 1239 3292 quamquam
1267 3207 1476 3276 inductionem

260 3317 362 3384 minus
395 3319 576 3400 permittere
606 3319 768 3398 videntur,
802 3321 861 3388 nisi
891 3339 962 3388 cum
988 3319 1174 3404 scriptorum
1200 3320 1290 3389 dictis
1316 3319 1419 3388 collati
1445 3327 1477 3388 et

260 3431 431 3512 comparati
453 3436 557 3500 umen
581 3451 650 3500 eam
673 3433 791 3500 babent
812 3433 975 3515 virtutem,
1000 3433 1112 3516 quibus
1135 3449 1228 3516 quam
1249 3433 1314 3500 late
1336 3439 1476 3499 veterum
1575 3477 1579 3485 -

259 3559 312 3608 ars
334 3543 488 3626 patuerit,
517 3544 614 3610 multo
637 3545 735 3628 magis
757 3544 860 3616 vivida
885 3544 1076 3628 exprimatur
1102 3544 1212 3628 Imago.
1257 3544 1372 3628 Ingens
1400 3563 1476 3612 sane

261 3657 448 3737 vastumque
470 3655 644 3739 spatium¹,
671 3655 755 3740 quod
778 3655 878 3724 titulis
900 3657 1124 3724 statuariorum
1146 3661 1179 3724 et
1206 3655 1397 3739 sculptorum
1424 3674 1476 3722 ve·

258 3771 362 3834 terum
383 3771 568 3850 occupatur,
596 3769 685 3851 cujus
715 3773 873 3836 extremae
901 3788 976 3836 orae
998 3769 1161 3852 Aegyptus
1191 3767 1350 3851 superior,
1379 3766 1476 3834 Sidon

258 3877 428 3946 Phoenices
451 3878 541 3962 urbs,
570 3878 690 3948 Vienna
711 3879 833 3948 Gallina
855 3878 1018 3965 oppidum;
1046 3880 1095 3946 sin
1117 3897 1192 3947 vero
1220 3879 1359 3947 tabulam
1385 3898 1476 3947 accu-

257 3990 357 4058 ratius
379 3991 560 4073 inspexeris,
582 3991 682 4060 multo
703 3992 854 4076 plurimas
872 3993 1091 4076 inscriptiones
1106 3993 1241 4060 arctiore
1255 3991 1331 4060 orbe
1346 3991 1475 4058 ciccum·

257 4103 352 4170 scribi
374 4103 502 4184 videbIs,
525 4103 582 4186 qui
596 4105 707 4174 Rhodo
729 4111 762 4173 et
776 4103 872 4173 Creta
892 4105 1013 4182 insulis,
1036 4103 1131 4172 Asiae
1151 4103 1225 4185 oris,
1248 4102 1383 4171 Graecia
1396 4103 1474 4186 ipsa,

257 4213 451 4282 meridionali
484 4220 517 4282 et
548 4215 652 4284 media
684 4216 776 4282 Italia
808 4213 971 4297 definitur,
1008 4225 1104 4297 atque
1136 4215 1302 4299 praecipuo
1333 4214 1475 4282 Athenae

255 4325 386 4412 (LXXX
409 4327 501 4410 lere),
527 4327 657 4394 Rhodus
680 4327 808 4411 (XXV),
837 4328 937 4394 Roma
959 4327 1121 4411 (XXXVI)
1143 4327 1252 4394 titulos
1274 4327 1364 4393 nobis
1386 4343 1475 4410 prae·

255 4439 402 4506 buerunt.
447 4440 535 4520 Quae
556 4458 626 4507 oum
648 4441 694 4507 Ita
721 4441 784 4507 sint
812 4460 874 4508 non
899 4441 971 4524 plus
1000 4440 1150 4508 ducentos
1178 4439 1402 4524 quinquaginta
1430 4438 1475 4504 la-

255 4552 344 4636 pides
366 4557 507 4636 repertos
529 4571 598 4619 esse
625 4550 780 4620 artificum
808 4552 984 4621 nominibus
1012 4553 1149 4636 insignes
1173 4554 1245 4635 jure
1273 4550 1473 4618 moerendum

255 4709 457 4720 *ιιι-...-

325 4796 382 4848 ¹V.
400 4797 511 4854 tabulam
528 4798 722 4868 geographiam
740 4796 868 4852 titulorum
887 4797 1029 4853 oollaotiaui
1046 4797 1196 4865 abusum.
