3608 5528
589 1753 592 1760 ,
698 1656 864 1735 onrur
889 1656 919 1732 1.

776 1864 846 1950 s1·
1038 1903 1042 1909 -

315 2031 373 2122 un
401 2025 579 2150 riuulo,
605 2023 720 2132 'Quos
747 2023 862 2118 uuio
889 2022 1108 2144 umidus
1135 2022 1314 2116 corruo
1425 2075 1430 2084 ·

202 2261 342 2394 Siquis
374 2308 482 2376 titulos
512 2311 652 2375 veterum
680 2304 835 2373 artificum
864 2309 999 2372 uacmre
1026 2303 1086 2372 sibi
1113 2304 1290 2386 proposuit,
1319 2301 1422 2370 iacere

201 2439 265 2488 non
289 2425 413 2504 potest,
448 2419 525 2502 quin
552 2428 572 2484 u
598 2417 790 2485 Graecorum
818 2415 920 2483 titulis
951 2415 1131 2500 disputandi
1157 2415 1280 2480 initium
1309 2414 1420 2498 capiat.

202 2532 351 2614 Quamvis
373 2532 454 2599 enim
480 2532 514 2596 in
536 2531 678 2614 Aegypto
707 2536 739 2598 et
754 2530 908 2614 Assyria,
936 2529 1105 2611 quaejam
1133 2531 1182 2594 tot
1209 2527 1325 2606 seculis
1350 2529 1423 2592 ante

202 2644 366 2712 Graeciam
387 2641 530 2710 floruisse
552 2645 686 2724 constet,
700 2640 839 2723 templa,
861 2643 1005 2721 statuae,
1028 2658 1118 2721 rasa,
1146 2658 1294 2734 gemmae,
1316 2654 1424 2705 monu-

202 2762 310 2823 menta
331 2756 466 2838 cujusvis
488 2755 612 2838 generis
641 2758 767 2821 servate
796 2756 921 2833 extent,
949 2771 1048 2836 eaque
1077 2750 1207 2820 mirifica
1233 2752 1423 2834 integritate,

203 2871 363 2934 auctorem
391 2883 426 2933 se
453 2867 556 2950 ipsum
585 2881 783 2947 nuncupasse
814 2864 846 2928 in
874 2881 982 2946 opere,
1010 2862 1093 2947 quod
1121 2863 1269 2947 perfecit,
1296 2880 1425 2947 prorsus

203 2977 379 3045 inauditum
400 2981 458 3045 est.
503 2978 546 3043 At
567 2975 688 3043 Graeca
708 2973 850 3056 artificia,
882 2973 997 3057 quippe
1019 2989 1100 3055 quae
1121 2993 1179 3044 neo
1200 2979 1265 3041 tum
1286 2973 1425 3061 ingentia

203 3087 269 3156 sint
289 3106 346 3155 nco
368 3092 433 3154 tam
455 3087 559 3168 mma,
590 3106 683 3171 quem
705 3086 860 3169 Aegyptia
888 3090 920 3150 et
942 3086 1091 3169 Assyria,
1120 3106 1190 3154 cnm
1217 3088 1330 3155 misere
1356 3106 1423 3155 rnu-

204 3199 296 3266 tilsta
322 3203 460 3267 aetatem
488 3199 634 3282 tuderint,
669 3199 792 3265 omnino
822 3196 964 3265 diversos
991 3196 1146 3265 artificum
1179 3199 1315 3281 animos,
1348 3197 1426 3265 ortis

205 3311 390 3395 dignitatem
413 3310 567 3377 diversam
588 3311 675 3394 ipsae
694 3311 760 3392 jem
783 3309 1024 3392 antiquissimae
1040 3309 1192 3376 artificum
1208 3308 1428 3394 inscriptiones

206 3422 302 3489 etiem
322 3427 431 3489 nostra
452 3425 556 3488 aetate
578 3421 732 3488 evincunt.
768 3420 872 3503 Atque
895 3420 928 3485 in
950 3419 999 3487 his
1016 3426 1134 3501 quante
1148 3425 1260 3503 regnat
1274 3419 1424 3487 sanetus!

205 3531 350 3600 Primum
373 3532 454 3599 enim
477 3531 613 3599 artifices
635 3533 786 3615 cujusque
808 3531 931 3614 generis
953 3530 1097 3598 facillime
1119 3533 1350 3598 discernuntur:
1365 3530 1427 3597 alia

207 3661 243 3710 se
263 3643 452 3711 inscribendi
473 3643 555 3710 ratio
576 3642 751 3723 aesculapii,
773 3642 837 3708 alia
857 3642 1118 3726 scalpturis,·elia
1134 3642 1267 3738 denique
1281 3641 1427 3708 statuarii

207 3755 469 3839 sculptorisqre1,
491 3774 554 3838 qus
574 3753 701 3836 quidem
723 3772 759 3819 re
780 3753 995 3820 intercessisse
1017 3751 1166 3836 quiddam
1188 3754 1271 3821 inter
1291 3751 1427 3821 artifices

165 3855 168 3862 ’
207 3883 308 3947 neque
330 3885 437 3934 omnes
459 3867 596 3933 omnium
619 3884 769 3950 generum
792 3865 900 3932 eadem
927 3864 1012 3933 vitea
1039 3865 1218 3934 condicione
1246 3882 1320 3932 usos
1348 3883 1428 3946 esse,

208 3981 244 4043 ut
265 3978 432 4045 voluerunt
452 3977 615 4062 qudemt,
638 3978 813 4046 luculenter
834 3975 977 4044 effectum
999 3977 1134 4045 videtur.

281 4185 391 4239 ¹Liceat
408 4186 514 4239 breuiter
530 4185 669 4253 eductura,
695 4193 720 4238 et
736 4201 852 4238 rusorum
869 4183 983 4237 fictilium
1001 4184 1152 4239 confoderes
1169 4191 1194 4239 et
1210 4185 1348 4256 scalpturae
1370 4204 1426 4240 sue·

209 4271 312 4338 pissime
335 4271 390 4324 sole
412 4271 512 4324 nomina
534 4272 653 4339 operibus
677 4271 833 4341 inscripsisse
857 4289 914 4324 cum
938 4273 1013 4325 verbo
1036 4273 1144 4326 fuoiemli
1167 4273 1311 4340 conjunctu
1337 4273 1427 4342 quodsi

209 4355 308 4410 eliade
325 4375 354 4410 ee
372 4357 461 4410 indicio
479 4358 600 4420 iecerunt,
619 4375 662 4410 eos
680 4358 813 4411 etutuurioe
831 4357 1036 4427 sculptoresque,
1056 4359 1099 4426 qui
1118 4358 1193 4412 modo
1210 4367 1308 4428 petrum
1326 4359 1428 4413 nomine

209 4443 284 4496 modo
302 4443 394 4512 patriae
412 4443 572 4506 addiderunt,
591 4443 702 4498 imitatos
720 4461 777 4496 osee
795 4449 882 4511 poetes
899 4443 1046 4498 ridebimus.

278 4527 331 4583 ²0.
349 4527 378 4581 F.
396 4527 536 4580 Hermann:
556 4527 661 4581 Studien
683 4531 728 4582 der
744 4529 836 4599 grisoli.
850 4529 972 4582 Ktlnetler
989 4530 1132 4600 (Gottiuger
1144 4530 1249 4584 Studien
1263 4531 1339 4600 1847)
1356 4534 1428 4600 1).ss

211 4633 266 4684 sqq.
284 4614 353 4668 idem
370 4615 396 4666 iu
408 4613 616 4668 Priret-Alterth.
636 4616 704 4682 542,
720 4617 759 4672 13.
778 4644 810 4655 -
828 4615 861 4669 Η.
874 4616 1043 4685 Frohberger:
1062 4617 1093 4668 ds
1110 4617 1229 4685 opificum
1246 4617 1314 4685 opud
1330 4625 1427 4672 setores

212 4703 319 4756 Gneooe
338 4699 479 4754 conditione
497 4701 612 4767 (Grimee
628 4700 836 4767 Mucccuxvu
858 4720 884 4769 p.
898 4703 930 4757 17
948 4719 986 4770 eq.
1008 4704 1052 4770 qui
1070 4719 1156 4755 omues
1174 4701 1281 4755 artifices
1298 4703 1368 4772 apud
1383 4719 1426 4755 re-

214 4797 283 4842 teres
300 4787 402 4842 sordide
421 4787 514 4839 vixisse
531 4786 663 4840 roluemut
680 4786 814 4856 praecipue
837 4787 1044 4856 philosophorum
1067 4789 1202 4841 sententies
1225 4789 1319 4848 secutis
1343 4797 1429 4844 ocutus

1210 4877 1223 4928 1
